%% Created using Papers on Thu, 09 Jun 2016.
%% http://papersapp.com/papers/

@article{Parenti:1989wy,
author = {Parenti, Lynne R},
title = {{A phylogenetic revision of the phallostethid fishes (Atherinomorpha, Phallostethidae)}},
journal = {Proceedings of the California Academy of Sciences},
year = {1989},
volume = {46},
number = {11},
pages = {243--277},
month = jan
}

@article{Herder:2006tx,
author = {Herder, Fabian and Schwarzer, Julia and Pfaender, Jobst and Hadiaty, Renny K and Schliewen, Ulrich K},
title = {{Preliminary checklist of sailfin silversides (Teleostei: Telmatherinidae) in the Malili Lakes of Sulawesi (Indonesia), with a synopsis of systematics and threats}},
journal = {Verhandlungen der Gesellschaft f{\"u}r Ichthyologie},
year = {2006},
volume = {5},
pages = {139--163},
month = nov
}

@article{Parenti:2008wn,
author = {Parenti, Lynne R},
title = {{A phylogenetic analysis and taxonomic revision of ricefishes, \emph{Oryzias} and relatives (Beloniformes, Adrianichthyidae)}},
journal = {Zoological Journal of the Linnean Society},
year = {2008},
volume = {154},
pages = {494--610},
month = oct
}

@article{Cowman:2011gm,
author = {Cowman, P F and Bellwood, D R},
title = {{Coral reefs as drivers of cladogenesis: expanding coral reefs, cryptic extinction events, and the development of biodiversity hotspots}},
journal = {J. Evol. Biol.},
year = {2011},
volume = {24},
number = {12},
pages = {2543--2562},
month = oct
}

@article{Webb:2004dd,
author = {Webb, Shane A and Graves, Jefferson A and Macias-Garcia, Constantino and Magurran, Anne E and Foighil, Diarmaid {\'O} and Ritchie, Michael G},
title = {{Molecular phylogeny of the livebearing Goodeidae (Cyprinodontiformes)}},
journal = {Mol. Phylogenet. Evol.},
year = {2004},
volume = {30},
number = {3},
pages = {527--544},
month = mar
}

@article{Costa:2012tg,
author = {Costa, Wilson J E M},
title = {{Oligocene killifishes (Teleostei: Cyprinodontiformes) from southern France: relationships, taxonomic position, and evidence of internal fertilization}},
journal = {Vertebr. Zool.},
year = {2012},
volume = {62},
number = {3},
pages = {371--386},
month = dec
}

@book{Nelson:1994to,
author = {Nelson, Joseph S},
title = {{Fishes of the World}},
publisher = {John Wiley {\&} Sons},
year = {1994},
edition = {3},
month = may
}

@article{Flicek:2013cy,
author = {Flicek, P and Amode, M R and Barrell, D and Beal, K and Billis, K and Brent, S and Carvalho-Silva, D and Clapham, P and Coates, G and Fitzgerald, S and Gil, L and Giron, C G and Gordon, L and Hourlier, T and Hunt, S and Johnson, N and Juettemann, T and Kahari, A K and Keenan, S and Kulesha, E and Martin, F J and Maurel, T and McLaren, W M and Murphy, D N and Nag, R and Overduin, B and Pignatelli, M and Pritchard, B and Pritchard, E and Riat, H S and Ruffier, M and Sheppard, D and Taylor, K and Thormann, A and Trevanion, S J and Vullo, A and Wilder, S P and Wilson, M and Zadissa, A and Aken, B L and Birney, E and Cunningham, F and Harrow, J and Herrero, J and Hubbard, T J P and Kinsella, R and Muffato, M and Parker, A and Spudich, G and Yates, A and Zerbino, D R and Searle, S M J},
title = {{Ensembl 2014}},
journal = {Nucleic Acids Res.},
year = {2013},
volume = {42},
number = {D1},
pages = {D749--D755},
month = dec
}

@article{Katoh:2013hm,
author = {Katoh, K and Standley, D M},
title = {{MAFFT multiple sequence alignment software version 7: improvements in performance and usability}},
journal = {Mol. Biol. Evol.},
year = {2013},
volume = {30},
number = {4},
pages = {772--780},
month = mar
}

@article{Pfeiffer:2010ub,
author = {Pfeiffer, W and Stamatakis, Alexandros},
title = {{Hybrid MPI/Pthreads parallelization of the RAxML phylogenetics code}},
journal = {Ninth IEEE International Workshop on High Performance Computational Biology (HiCOMB 2010), Atlanta},
year = {2010},
pages = {1--8}
}

@article{Posada:2008bu,
author = {Posada, David},
title = {{jModelTest: phylogenetic model averaging}},
journal = {Mol. Biol. Evol.},
year = {2008},
volume = {25},
number = {7},
pages = {1253--1256},
month = apr
}

@article{Foote:1996tf,
author = {Foote, Mike and Raup, David M},
title = {{Fossil preservation and the stratigraphic ranges of taxa}},
journal = {Paleobiology},
year = {1996},
volume = {22},
number = {2},
pages = {121--140}
}

@book{Foote:2007vm,
author = {Foote, Mike and Miller, Arnold I},
title = {{Principles of Paleontology}},
publisher = {W. H. Freeman},
year = {2007},
address = {New York},
edition = {3}
}

@article{Sullivan:2006jj,
author = {Sullivan, John P and Lundberg, John G and Hardman, Michael},
title = {{A phylogenetic analysis of the major groups of catfishes (Teleostei: Siluriformes) using rag1 and rag2 nuclear gene sequences}},
journal = {Mol. Phylogenet. Evol.},
year = {2006},
volume = {41},
number = {3},
pages = {636--662},
month = dec
}

@article{Lundberg:2007he,
author = {Lundberg, John G and Sullivan, John P and Rodiles-Hern{\'a}ndez, Roc{\'\i}o and Hendrickson, Dean A},
title = {{Discovery of African roots for the Mesoamerican Chiapas catfish, Lacantunia enigmatica, requires an ancient intercontinental passage}},
journal = {Proceedings of the Academy of Natural Sciences of Philadelphia},
year = {2007},
volume = {156},
number = {1},
pages = {39--53},
month = sep
}

@article{Craig:2007jy,
author = {Craig, Matthew T and Hastings, Philip A},
title = {{A molecular phylogeny of the groupers of the subfamily Epinephelinae (Serranidae) with a revised classification of the Epinephelini}},
journal = {Ichthyol. Res.},
year = {2007},
volume = {54},
number = {1},
pages = {1--17},
month = feb
}

@article{Rocha:2008jj,
author = {Rocha, Luiz A and Lindeman, Kenyon C and Rocha, Claudia R and Lessios, H A},
title = {{Historical biogeography and speciation in the reef fish genus Haemulon (Teleostei: Haemulidae)}},
journal = {Mol. Phylogenet. Evol.},
year = {2008},
volume = {48},
number = {3},
pages = {918--928},
month = sep
}

@article{Imamura:2005ic,
author = {Imamura, Hisashi and Shirai, Shigeru M and Yabe, Mamoru},
title = {{Phylogenetic position of the family Trichodontidae (Teleostei: Perciformes), with a revised classification of the perciform suborder Cottoidei}},
journal = {Ichthyol. Res.},
year = {2005},
volume = {52},
number = {3},
pages = {264--274},
month = aug
}

@article{Burridge:2004cc,
author = {Burridge, Christopher P and Smolenski, Adam J},
title = {{Molecular phylogeny of the Cheilodactylidae and Latridae (Perciformes: Cirrhitoidea) with notes on taxonomy and biogeography}},
journal = {Mol. Phylogenet. Evol.},
year = {2004},
volume = {30},
number = {1},
pages = {118--127},
month = jan
}

@article{Parenti:2011hk,
author = {Parenti, Lynne R and Hartel, Karsten E},
title = {{Osteology Identifies Fundulus capensis Garman, 1895 as a Killifish in the Family Fundulidae (Atherinomorpha: Cyprinodontiformes)}},
journal = {Copeia},
year = {2011},
volume = {2011},
number = {2},
pages = {242--250},
month = jun
}

@article{Parenti:1984we,
author = {Parenti, Lynne R},
title = {{A taxonomic revision of the Andean killifiish genus Orestias (Cyprinodontiformes, Cyprinodontidae)}},
journal = {Bulletin of the American Museum of Natural History},
year = {1984},
volume = {178},
pages = {1--112},
month = apr
}

@article{Cunningham:2015ew,
author = {Cunningham, F and Amode, M R and Barrell, D and Beal, K and Billis, K and Brent, S and Carvalho-Silva, D and Clapham, P and Coates, G and Fitzgerald, S and Gil, L and Giron, C G and Gordon, L and Hourlier, T and Hunt, S E and Janacek, S H and Johnson, N and Juettemann, T and Kahari, A K and Keenan, S and Martin, F J and Maurel, T and McLaren, W and Murphy, D N and Nag, R and Overduin, B and Parker, A and Patricio, M and Perry, E and Pignatelli, M and Riat, H S and Sheppard, D and Taylor, K and Thormann, A and Vullo, A and Wilder, S P and Zadissa, A and Aken, B L and Birney, E and Harrow, J and Kinsella, R and Muffato, M and Ruffier, M and Searle, S M J and Spudich, G and Trevanion, S J and Yates, A and Zerbino, D R and Flicek, P},
title = {{Ensembl 2015}},
journal = {Nucleic Acids Res.},
year = {2015},
volume = {43},
number = {D1},
pages = {D662--D669},
month = jan
}

@article{Ghedotti:2000du,
author = {Ghedotti, Michael J},
title = {{Phylogenetic analysis and taxonomy of the poecilioid fishes (Teleostei: Cyprinodontiformes)}},
journal = {Zoological Journal of the Linnean Society},
year = {2000},
volume = {130},
number = {1},
pages = {1--53},
month = sep
}

@article{Hertwig:2008ic,
author = {Hertwig, Stefan T},
title = {{Phylogeny of the Cyprinodontiformes (Teleostei, Atherinomorpha): the contribution of cranial soft tissue characters}},
journal = {Zoologica Scripta},
year = {2008},
volume = {37},
number = {2},
pages = {141--174},
month = mar
}

@article{Tavare:2002us,
author = {Tavar{\'e}, Simon and Marshall, Charles R and Will, Oliver and Soligo, Christophe and Martin, Robert D},
title = {{Using the fossil record to estimate the age of the last common ancestor of extant primates}},
journal = {Nature},
year = {2002},
volume = {416},
pages = {726--729},
month = apr
}

@article{Loiselle:2006uc,
author = {Loiselle, Paul V},
title = {{A review of the Malagasy \emph{Pachypanchax }(Teleostei: Cyprinodontiformes, Aplocheilidae), with descriptions of four new species}},
journal = {Zootaxa},
year = {2006},
volume = {1366},
pages = {1--44},
month = nov
}

@article{Ferraris:2007tz,
author = {Ferraris, Carl J Jr},
title = {{Checklist of catfishes, recent and fossil (Osteichthyes: Siluriformes), and catalogue of siluriform primary types}},
journal = {Zootaxa},
year = {2007},
volume = {1418},
pages = {1--628},
month = mar
}

@book{Stiassny:2007wb,
author = {Stiassny, M L J ed and Teugels, G G ed and Hopkins, C D ed and Paugy, Didier pr{\'e}f},
title = {{Poissons d'eaux douces et saum{\^a}tres de basse Guin{\'e}e, ouest de l'Afrique centrale: volume 2 = The fresh and brackish water fishes of lower Guinea, west-central Africa: volume 2}},
publisher = {Collection Faune et Flore tropicales 42. Institut de Recherche pour le D{\'e}veloppement, Paris, France, Mus{\'e}um National d'Histoire Naturelle, Paris, France and Mus{\'e}e Royal de l'Afrique Centrale},
year = {2007},
address = {Tervuren, Belgium},
month = dec
}

@misc{SpeciesandITIS:wm,
title = {{Species 2000 {\&} ITIS Catalogue of Life}},
author = {Roskov, Y and Abucay, L and Orell, T and Nicolson, D and Kunze, T and Flann, C and Bailly, N and Kirk, P and Bourgoin, T and DeWalt, R E and Decock, W and De Wever, A},
howpublished = {Digital resource at www.catalogueoflife.org/col. Species 2000: Naturalis, Leiden, the Netherlands.},
year = {2015}
}

@article{Sonnenberg:2009ut,
author = {Sonnenberg, Rainer and Busch, Eckhard},
title = {{Description of a new genus and two new species of killifish (Cyprinodontiformes: Nothobranchiidae) from West Africa, with a discussion of the taxonomic status of \emph{Aphyosemion maeseni }Poll, 1941}},
journal = {Zootaxa},
year = {2009},
volume = {2294},
pages = {1--22},
month = nov
}

@article{Springer:1996tv,
author = {Springer, Victor G and Larson, Helen},
title = {{\emph{Pholidichthys anguis}, a new species of pholidichthyid fish from Northern Territory and Western Australia}},
journal = {Proceedings of the Biological Society of Washington},
year = {1996},
volume = {109},
number = {2},
pages = {353--365},
month = jan
}

@article{Matschiner:2011kv,
author = {Matschiner, Michael and Hanel, Reinhold and Salzburger, Walter},
title = {{On the origin and trigger of the notothenioid adaptive radiation}},
journal = {PLOS ONE},
year = {2011},
volume = {6},
number = {4},
pages = {e18911},
month = apr
}

@article{Stadler:2011wi,
author = {Stadler, Tanja},
title = {{Mammalian phylogeny reveals recent diversification rate shifts}},
journal = {Proc. Natl. Acad. Sci. USA},
year = {2011},
volume = {108},
number = {15},
pages = {6187--6192},
month = mar
}

@article{Regan:1906vr,
author = {Regan, C Tate},
title = {{A revision of the fishes of the South American cichlid genera \emph{Cichla}, \emph{Chaetobranchus}, and \emph{Chaetobranchopsis}, with notes on the genera of American Cichlidae}},
journal = {Annals and Magazine of Natural History},
year = {1906},
volume = {7},
number = {17},
pages = {230--239},
month = jan
}

@book{Reis:2003wr,
author = {Reis, R E and Kullander, S O and Ferraris, C J},
title = {{Check List of the Freshwater Fishes of South and Central America}},
publisher = {EDIPUCRS},
year = {2003},
address = {Porto Alegre, Brazil}
}

@incollection{Johnson:1996tv,
author = {Johnson, G David and Patterson, Colin},
title = {{Relationships of lower euteleostean fishes}},
booktitle = {Interrelationships of Fishes},
year = {1996},
editor = {Stiassny, Melanie L J and Parenti, Lynne R and Johnson, G David},
pages = {251--332},
publisher = {Academic Press},
address = {San Diego, CA},
month = jan
}

@article{Prum:2015iu,
author = {Prum, Richard O and Berv, Jacob S and Dornburg, Alex and Field, Daniel J and Townsend, Jeffrey P and Lemmon, Emily Moriarty and Lemmon, Alan R},
title = {{A comprehensive phylogeny of birds (Aves) using targeted next-generation DNA sequencing}},
journal = {Nature},
year = {2015},
volume = {526},
pages = {569--573},
month = oct
}

@incollection{Wimberger:1998vn,
author = {Wimberger, Peter H and Reis, Roberto E and Thornton, Kevin},
title = {{Mitochondrial phylogenetics, biogeography, and evolution of parental care and mating systems in Gymnogeophagus (Perciformes: Cichlidae)}},
booktitle = {Phylogeny and Classification of Neotropical Fishes},
year = {1998},
editor = {Malabarba, L R and Reis, Roberto E and Vari, Richard Peter and Lucena, Z M S and Lucena, C A S},
pages = {509--518},
publisher = {Edipucrs},
address = {Porto Alegre, Brazil},
month = jul
}

@article{Ruber:2004bp,
author = {R{\"u}ber, Lukas and Britz, Ralf and Kullander, Sven O and Zardoya, Rafael},
title = {{Evolutionary and biogeographic patterns of the Badidae (Teleostei: Perciformes) inferred from mitochondrial and nuclear DNA sequence data}},
journal = {Mol. Phylogenet. Evol.},
year = {2004},
volume = {32},
number = {3},
pages = {1010--1022},
month = sep
}

@article{LopezFernandez:2012vs,
author = {L{\'o}pez-Fern{\'a}ndez, Hern{\'a}n and Taphorn, Donald C and Liverpool, Elford A},
title = {{Phylogenetic diagnosis and expanded description of the genus \emph{Mazarunia} Kullander, 1990 (Teleostei: Cichlidae) from the upper Mazaruni River, Guyana, with description of two new species}},
journal = {Neotrop. Ichthyol.},
year = {2012},
volume = {10},
number = {3},
pages = {465--486},
month = sep
}

@article{Arbour:2011wd,
author = {Arbour, Jessica H and L{\'o}pez-Fern{\'a}ndez, Hern{\'a}n},
title = {{\emph{Guianacara dacrya}, a new species from the rio Branco and Essequibo River drainages of the Guiana Shield (Perciformes: Cichlidae)}},
journal = {Neotrop. Ichthyol.},
year = {2011},
volume = {9},
number = {1},
pages = {87--96},
month = mar
}

@article{Stadler:2012hf,
author = {Stadler, Tanja and K{\"u}hnert, Denise and Bonhoeffer, Sebastian and Drummond, Alexei J},
title = {{Birth--death skyline plot reveals temporal changes of epidemic spread in HIV and hepatitis C virus (HCV)}},
journal = {Proc. Natl. Acad. Sci. USA},
year = {2012},
volume = {110},
number = {1},
pages = {228--233},
month = dec
}

@article{Casciotta:1993un,
author = {Casciotta, J and Arratia, G},
title = {{Tertiary cichlid fishes from Argentina and reassessment of the phylogeny of New World cichlids (Perciformes: Labroidei)}},
journal = {Kaupia},
year = {1993},
volume = {2},
pages = {195--240}
}

@article{SchmitterSoto:2007ta,
author = {Schmitter-Soto, Juan J},
title = {{A systematic revision of the genus \emph{Archocentrus }(Perciformes: Cichlidae), with the description of two new genera and six new species}},
journal = {Zootaxa},
year = {2007},
volume = {1603},
pages = {1--78},
month = jan
}

@article{SchmitterSoto:2007we,
author = {Schmitter-Soto, Juan J},
title = {{Phylogeny of species formerly assigned to the genus \emph{Archocentrus }(Perciformes: Cichlidae)}},
journal = {Zootaxa},
year = {2007},
volume = {1618},
pages = {1--50},
month = oct
}

@article{Ottoni:2011vm,
author = {Ottoni, Felipe P},
title = {{\emph{Cichlasoma zarskei}, a new cichlid fish from northern Brazil}},
journal = {Vertebr. Zool.},
year = {2011},
volume = {61},
number = {3},
pages = {335--342},
month = dec
}

@article{ConcheiroPerez:2007fu,
author = {Concheiro P{\'e}rez, Gustavo A and {\v R}{\'\i}{\v c}an, Oldrich and Ort{\'\i}, Guillermo and Bermingham, Eldredge and Doadrio, Ignacio and Zardoya, Rafael},
title = {{Phylogeny and biogeography of 91 species of heroine cichlids (Teleostei: Cichlidae) based on sequences of the cytochrome b gene}},
journal = {Mol. Phylogenet. Evol.},
year = {2007},
volume = {43},
number = {1},
pages = {91--110},
month = apr
}

@article{Friedman:2011es,
author = {Friedman, Matt and Brazeau, M D},
title = {{Sequences, stratigraphy and scenarios: what can we say about the fossil record of the earliest tetrapods?}},
journal = {Proc. R. Soc. B},
year = {2011},
volume = {278},
number = {1704},
pages = {432--439},
month = feb
}

@article{Foote:2001js,
author = {Foote, Mike},
title = {{Inferring temporal patterns of preservation, origination, and extinction from taxonomic survivorship analysis}},
journal = {Paleobiology},
year = {2001},
volume = {27},
number = {4},
pages = {602--630},
month = dec
}

@article{Ready:2006ck,
author = {Ready, J S and Ferreira, E J G and Kullander, S O},
title = {{Discus fishes: mitochondrial DNA evidence for a phylogeographic barrier in the Amazonian genus Symphysodon (Teleostei: Cichlidae)}},
journal = {Journal of Fish Biology},
year = {2006},
volume = {69},
number = {sb},
pages = {200--211},
month = dec
}

@article{Chakrabarty:2007vd,
author = {Chakrabarty, Prosanta},
title = {{A morphological phylogenetic analysis of Middle American cichlids with special emphasis on the section '\emph{Nandopsis}' sensu Regan}},
journal = {Miscellaneous Publications, Museum of Zoology, University of Michigan},
year = {2007},
volume = {198},
pages = {1--37},
month = sep
}

@article{Ottoni:2012th,
author = {Ottoni, Felipe P},
title = {{Three new species of \emph{Australoheros} from southeastern Brazil, with taxonomic notes on \emph{Chromys oblonga}, \emph{Heros autochton} and \emph{H. jenynsii} (Teleostei: Labroidei: Cichlidae)}},
journal = {Vertebr. Zool.},
year = {2012},
volume = {62},
number = {1},
pages = {83--96},
month = apr
}

@article{Ottoni:2008uq,
author = {Ottoni, Felipe P and Costa, Wilson J E M},
title = {{Taxonomic revision of the genus \emph{Australoheros} R{\'\i}can {\&} Kullander, 2006 (Teleostei: Cichlidae) with descriptions of nine new species from southeastern Brazil}},
journal = {Vertebr. Zool.},
year = {2008},
volume = {58},
number = {2},
pages = {207--232},
month = jan
}

@article{Geiger:2010vo,
author = {Geiger, Matthias F and McCrary, Jeffrey K and Stauffer, Jr, Jay R},
title = {{Description of two new species of the Midas cichlid complex (Teleostei: Cichlidae) from Lake Apoyo, Nicaragua}},
journal = {Proceedings of the Biological Society of Washington},
year = {2010},
volume = {123},
number = {2},
pages = {159--173},
month = jul
}

@article{StaufferJr:2008ui,
author = {Stauffer, Jr, Jay R and McCrary, Jeffrey K and Black, Krisin E},
title = {{Three new species of cichlid fishes (Teleostei: Cichlidae) from Lake Apoyo, Nicaragua}},
journal = {Proceedings of the Biological Society of Washington},
year = {2008},
volume = {121},
number = {1},
pages = {117--129},
month = jan
}

@article{Muschick:2012ha,
author = {Muschick, Moritz and Indermaur, Adrian and Salzburger, Walter},
title = {{Convergent evolution within an adaptive radiation of cichlid fishes}},
journal = {Curr. Biol.},
year = {2012},
volume = {22},
number = {24},
pages = {2362--2368},
month = dec
}

@phdthesis{Murray:2000ub,
author = {Murray, Alison M},
title = {{The Eocene cichlids (Perciformes: Labroidei) of Mahenge, Tanzania}},
school = {McGill University},
year = {2000},
address = {Montreal},
month = jan
}

@article{VanCouvering:1982tq,
author = {Van Couvering, Judith Anne Harris},
title = {{Fossil cichlid fish of Africa}},
journal = {Special Papers in Paleontology, The Paleontological Association},
year = {1982},
volume = {29},
pages = {1--103}
}

@article{Hanel:2002jy,
author = {Hanel, Reinhold and Westneat, Mark W and Sturmbauer, Christian},
title = {{Phylogenetic relationships, evolution of broodcare behavior, and geographic speciation in the wrasse tribe Labrini}},
journal = {J. Mol. Evol.},
year = {2002},
volume = {55},
number = {6},
pages = {776--789},
month = dec
}

@article{Ronquist:2012ea,
author = {Ronquist, Fredrik and Klopfstein, S and Vilhelmsen, L and Schulmeister, S and Murray, D L and Rasnitsyn, A P},
title = {{A total-evidence approach to dating with fossils, applied to the early radiation of the Hymenoptera}},
journal = {Syst. Biol.},
year = {2012},
volume = {61},
number = {6},
pages = {973--999},
month = oct
}

@article{Nabholz:2008fe,
author = {Nabholz, Benoit and Glemin, Sylvain and Galtier, Nicolas},
title = {{Strong variations of mitochondrial mutation rate across mammals - the longevity hypothesis}},
journal = {Mol. Biol. Evol.},
year = {2008},
volume = {25},
number = {1},
pages = {120--130}
}

@article{Miya:2010gs,
author = {Miya, Masaki and Pietsch, Theodore W and Orr, James W and Arnold, Rachel J and Satoh, Takashi P and Shedlock, Andrew M and Ho, Hsuan-Ching and Shimazaki, Mitsuomi and Yabe, Mamoru and Nishida, Mutsumi},
title = {{Evolutionary history of anglerfishes (Teleostei: Lophiiformes): a mitogenomic perspective}},
journal = {BMC Evol. Biol.},
year = {2010},
volume = {10},
number = {1},
pages = {58}
}

@article{Forey:2003hw,
author = {Forey, Peter L and Yi, Lu and Patterson, Colin and Davies, Cliff E},
title = {{Fossil fishes from the Cenomanian (Upper Cretaceous) of Namoura, Lebanon}},
journal = {J. Syst. Palaeontol.},
year = {2003},
volume = {1},
number = {4},
pages = {227--330},
month = dec
}

@article{Arratia:2010fv,
author = {Arratia, Gloria and Tischlinger, Helmut},
title = {{The first record of Late Jurassic crossognathiform fishes from Europe and their phylogenetic importance for teleostean phylogeny}},
journal = {Foss Rec},
year = {2010},
volume = {13},
number = {2},
pages = {317--341},
month = aug
}

@article{Wenz:1993tm,
author = {Wenz, Sylvie and Berner, Paul and Bourseau, Jean-Paul and Buffetaut, Eric and Gaillard, Christian and Gall, Jean-Claude},
title = {{L'ichthyofaune des calcaires lithographiques du Kimm{\'e}ridgien sup{\'e}rieur de Cerin (Ain, France)}},
journal = {Geobios},
year = {1993},
volume = {27},
number = {S1},
pages = {61--70},
month = jul
}

@article{Peng:2006bq,
author = {Peng, Zuogang and He, Shunping and Wang, Jun and Wang, Wen and Diogo, Rui},
title = {{Mitochondrial molecular clocks and the origin of the major otocephalan clades (Pisces: Teleostei): a new insight}},
journal = {Gene},
year = {2006},
volume = {370},
pages = {113--124},
month = mar
}

@article{Brown:1989vp,
author = {Brown, Glen F and Schmidt, Dwight L and Huffman, Jr, A Curtis},
title = {{Geology of the Arabian Peninsula}},
journal = {US Geological Survey Professional Paper },
year = {1989},
volume = {560 A}
}

@article{Filleul:2004uc,
author = {Filleul, Arnaud and Maisey, John G},
title = {{Redescription of \emph{Santanichthys diasii }(Otophysi, Characiformes) from the Albian of the Santana Formation and comments on its implications for otophysan relationships}},
journal = {American Museum Novitates},
year = {2004},
volume = {3455},
pages = {21 pp.},
month = oct
}

@article{Fielitz:2010cq,
author = {Fielitz, Christopher and Gonz{\'a}lez-Rodr{\'\i}guez, Katia A},
title = {{A new species of Enchodus (Aulopiformes: Enchodontidae) from the Cretaceous (Albian to Cenomanian) of Zimap{\'a}n, Hidalgo, M{\'e}xico}},
journal = {J. Vert. Paleontol.},
year = {2010},
volume = {30},
number = {5},
pages = {1343--1351},
month = sep
}

@article{Davis:2010hp,
author = {Davis, Matthew P and Fielitz, Christopher},
title = {{Estimating divergence times of lizardfishes and their allies (Euteleostei: Aulopiformes) and the timing of deep-sea adaptations}},
journal = {Mol. Phylogenet. Evol.},
year = {2010},
volume = {57},
number = {3},
pages = {1194--1208},
month = dec
}

@article{Schwarzer:2011hf,
author = {Schwarzer, Julia and Misof, Bernhard and Ifuta, Seraphin N and Schliewen, Ulrich K},
title = {{Time and origin of cichlid colonization of the lower Congo rapids}},
journal = {PLOS ONE},
year = {2011},
volume = {6},
number = {7},
pages = {e22380},
month = jul
}

@article{Murray:2000ux,
author = {Murray, Alison M},
title = {{The Palaeozoic, Mesozoic and Early Cenozoic fishes of Africa}},
journal = {Fish Fish.},
year = {2000},
volume = {1},
pages = {111--145},
month = oct
}

@article{Wilson:1999uk,
author = {Wilson, Mark V H and Li, Guo-Qing},
title = {{Osteology and systematic position of the Eocene salmonid †\emph{Eosalmo driftwoodensis} Wilson from western North America}},
journal = {Zoological Journal of the Linnean Society},
year = {1999},
volume = {125},
pages = {279--311},
month = oct
}

@article{Gallo:2009cl,
author = {Gallo, Val{\'e}ria and de Figueiredo, Francisco J and Azevedo, Sergio A},
title = {{\emph{Santanasalmo elegans} gen. et sp. nov., a basal euteleostean fish from the Lower Cretaceous of the Araripe Basin, northeastern Brazil}},
journal = {Cretaceous Res},
year = {2009},
volume = {30},
number = {6},
pages = {1357--1366},
month = dec
}

@article{Prokofiev:2006kw,
author = {Prokofiev, A M},
title = {{Fossil myctophoid fishes (Myctophiformes: Myctophoidei) from Russia and adjacent regions}},
journal = {J. Ichthyol.},
year = {2006},
volume = {46},
number = {S1},
pages = {S38--S83},
month = dec
}

@article{Azuma:2008vb,
author = {Azuma, Yoichiro and Kumazawa, Yoshinori and Miya, Masaki and Mabuchi, Kohji and Nishida, Mutsumi},
title = {{Mitogenomic evaluation of the historical biogeography of cichlids toward reliable dating of teleostean divergences}},
journal = {BMC Evol. Biol.},
year = {2008},
volume = {8},
pages = {215},
month = jul
}

@article{Wagner:2012jx,
author = {Wagner, Catherine E and Harmon, Luke J and Seehausen, Ole},
title = {{Ecological opportunity and sexual selection together predict adaptive radiation}},
journal = {Nature},
year = {2012},
volume = {487},
number = {7407},
pages = {366--369},
month = jul
}

@article{LopezFernandez:2005bq,
author = {L{\'o}pez-Fern{\'a}ndez, Hern{\'a}n and Honeycutt, Rodney L and Stiassny, Melanie L J and Winemiller, Kirk O},
title = {{Morphology, molecules, and character congruence in the phylogeny of South American geophagine cichlids (Perciformes, Labroidei)}},
journal = {Zoologica Scripta},
year = {2005},
volume = {34},
number = {6},
pages = {627--651},
month = nov
}

@incollection{Harrison:2001wv,
author = {Harrison, Terry and Msuya, Charles P and Murray, Alison M and Jacobs, Bonnie Fine and B{\'a}ez, Ana Maria and Mundil, Roland and Ludwig, Kenneth R},
title = {{Paleontological investigations at the Eocene locality of Mahenge in North-Central Tanzania, East Africa}},
booktitle = {Eocene Diversity: Unusual Occurrences and Rarely Sampled Habitats},
year = {2001},
editor = {Gunnell, Gregg F},
pages = {39--74},
publisher = {Kluwer Academic/Plenum Publishers},
address = {New York},
month = feb
}

@article{Jerzmanska:1979wb,
author = {Jerzmanska, Anna},
title = {{Oligocene alepocephaloid fishes from the Polish Carpathians}},
journal = {Acta Palaeontol Pol},
year = {1979},
volume = {24},
number = {1},
pages = {65--76},
month = feb
}

@article{Tyler:1993vt,
author = {Tyler, James C and Jerzmanska, Anna and Bannikov, Alexandre F and Swidnicki, Jacek},
title = {{Two new genera and species of Oligocene spikefishes (Tetraodontiformes: Triacanthodidae), the first fossils of the Hollardiinae and Triacanthodinae}},
journal = {Smithsonian Contributions to Paleobiology},
year = {1993},
volume = {75},
pages = {1--27},
month = nov
}

@article{Wilson:1991vn,
author = {Wilson, Mark V H and Williams, Robert G},
title = {{New paleocene genus and species of Smelt (Teleostei: Osmeridae) from freshwater deposits of the Paskapoo Formation, Alberta, Canada, and comments on osmerid phylogeny}},
journal = {J. Vert. Paleontol.},
year = {1991},
volume = {11},
number = {4},
pages = {434--451},
month = feb
}

@article{Tobien:1977vv,
author = {Tobien, H},
title = {{Ein Gew{\"o}llrest mit \emph{Megacricetodon} (Rodentia, Mammalia) aus dem Obermioz{\"a}n von {\"O}hningen (Baden-W{\"u}rttemberg)}},
journal = {Berichte der Naturforschenden Gesellschaft zu Freiburg im Breisgau},
year = {1977},
volume = {67},
pages = {359--369},
month = feb
}

@article{Micklich:1990tj,
author = {Micklich, Norbert and Roscher, B},
title = {{Neue Fischfunde aus der Baid-Formation (Oligoz{\"a}n; Tihamat Asir, SW Saudi-Arabien)}},
journal = {N Jb Geol Pal A},
year = {1990},
volume = {180},
pages = {139--175},
month = feb
}

@article{Gayet:2003wi,
author = {Gayet, Mireille and J{\'e}gu, Michel and Bocquentin, Jean and Negri, Francisco R},
title = {{New characoids from the Upper Cretaceous and Paleocene of Bolivia and the Mio-Pliocene of Brazil: phylogenetic position and paleobiogeographic implications}},
journal = {J. Vert. Paleontol.},
year = {2003},
volume = {23},
number = {1},
pages = {28--46},
month = feb
}

@article{Murray:2003vh,
author = {Murray, Alison M},
title = {{A new Eocene citharinoid fish (Ostariophysi: characiformes) from Tanzania}},
journal = {J. Vert. Paleontol.},
year = {2003},
volume = {23},
number = {3},
pages = {501--507},
month = feb
}

@article{Azpelicueta:1998us,
author = {Azpelicueta, Maria de las Mercedes and Rubilar, Alfonso},
title = {{A Miocene \emph{Nematogenys} (Teleostei: Siluriformes: Nematogenyidae) from South-Central Chile}},
journal = {J. Vert. Paleontol.},
year = {1998},
volume = {18},
number = {3},
pages = {475--483},
month = feb
}

@article{Kriwet:2008jq,
author = {Kriwet, J{\"u}rgen and Hecht, Thomas},
title = {{A review of early gadiform evolution and diversification: first record of a rattail fish skull (Gadiformes, Macrouridae) from the Eocene of Antarctica, with otoliths preserved in situ}},
journal = {Naturwissenschaften},
year = {2008},
volume = {95},
number = {10},
pages = {899--907},
month = jun
}

@article{Malabarba:2014wu,
author = {Malabarba, M C and Malabarba, L R and L{\'o}pez-Fern{\'a}ndez, H},
title = {{On the Eocene cichlids from the Lumbrera Formation: additions and implications for the Neotropical ichthyofauna}},
journal = {J. Vert. Paleontol.},
year = {2014},
volume = {34},
number = {1},
pages = {49--58}
}

@article{Patterson:1993wx,
author = {Patterson, Colin},
title = {{An overview of the early fossil record of acanthomorphs}},
journal = {Bull Mar Sci},
year = {1993},
volume = {52},
number = {1},
pages = {29--59},
month = jul
}

@article{Starrfelt:2016en,
author = {Starrfelt, Jostein and Liow, Lee Hsiang},
title = {{How many dinosaur species were there? Fossil bias and true richness estimated using a Poisson sampling model}},
journal = {Phil. Trans. R. Soc. B},
year = {2016},
volume = {371},
number = {1691},
pages = {20150219},
month = mar
}

@article{Friedman:2008ec,
author = {Friedman, Matt},
title = {{The evolutionary origin of flatfish asymmetry}},
journal = {Nature},
year = {2008},
volume = {454},
number = {7201},
pages = {209--212},
month = jul
}

@article{Pennell:2013ij,
author = {Pennell, Matthew W and Harmon, Luke J and Uyeda, Josef C},
title = {{Is there room for punctuated equilibrium in macroevolution?}},
journal = {Trends Ecol. Evol.},
year = {2013},
month = aug
}

@article{Trevisani:2005ct,
author = {Trevisani, Enrico and Papazzoni, Cesare Andrea and Ragazzi, Eugenio and Roghi, Guido},
title = {{Early Eocene amber from the ``Pesciara di Bolca'' (Lessini Mountains, Northern Italy)}},
journal = {Palaeogeogr Palaeocl},
year = {2005},
volume = {223},
number = {3-4},
pages = {260--274},
month = aug
}

@article{Tyler:2005cs,
author = {Tyler, James C and Santini, Francesco},
title = {{A phylogeny of the fossil and extant zeiform-like fishes, Upper Cretaceous to Recent, with comments on the putative zeomorph clade (Acanthomorpha)}},
journal = {Zoologica Scripta},
year = {2005},
volume = {34},
number = {2},
pages = {157--175},
month = mar
}

@article{Yamanoue:2008jy,
author = {Yamanoue, Yusuke and Miya, Masaki and Matsuura, Keiichi and Katoh, Masaya and Sakai, Harumi and Nishida, Mutsumi},
title = {{A new perspective on phylogeny and evolution of tetraodontiform fishes (Pisces: Acanthopterygii) based on whole mitochondrial genome sequences: basal ecological diversification?}},
journal = {BMC Evol. Biol.},
year = {2008},
volume = {8},
number = {1},
pages = {212}
}

@article{Deraco:2008vy,
author = {Deraco, Maria V and Powell, Jaime and Lopez, Guillermo},
title = {{Primer leont{\'\i}nido (Mammalia, Notoungulata) de la Formaci{\'o}n Lumbrera (Subgrupo Santa B{\'a}rbara, Grupo Salta-Pale{\'o}geno) del noroeste argentino}},
journal = {Ameghiniana},
year = {2008},
volume = {45},
number = {1},
pages = {1--13},
month = jul
}

@article{Tracerv:Hjxi-h1b,
author = {Rambaut, Andrew and Drummond, Alexei J},
title = {{Tracer v1.5}},
year = {2007},
month = oct
}

@article{AlanoPerez:2010ul,
author = {Alano Perez, Patricia and Malabarba, Maria Claudia and Del Papa, Cecilia},
title = {{A new genus and species of Heroini (Perciformes: Cichlidae) from the early Eocene of southern South America}},
journal = {Neotrop. Ichthyol.},
year = {2010},
volume = {8},
number = {3},
pages = {631--642},
month = sep
}

@article{Tang:2001wp,
author = {Tang, Kevin L},
title = {{Phylogenetic Relationships among Damselfishes (Teleostei: Pomacentridae) as Determined by Mitochondrial DNA Data}},
journal = {Copeia},
year = {2001},
volume = {2001},
number = {3},
pages = {591--601},
month = apr
}

@article{Sparks:2004uv,
author = {Sparks, John S and Smith, Wm Leo},
title = {{Phylogeny and biogeography of cichlid fishes (Teleostei: Perciformes: Cichlidae)}},
journal = {Cladistics},
year = {2004},
volume = {20},
pages = {501--517},
month = jan
}

@article{Murray:2001kq,
author = {Murray, Alison M},
title = {{The fossil record and biogeography of the Cichlidae (Actinopterygii: Labroidei)}},
journal = {Biological Journal of the Linnean Society},
year = {2001},
volume = {74},
number = {4},
pages = {517--532},
month = dec
}

@article{Murray:2000kl,
author = {Murray, Alison M},
title = {{Eocene cichlid fishes from Tanzania, East Africa}},
journal = {J. Vert. Paleontol.},
year = {2000},
volume = {20},
number = {4},
pages = {651--664},
month = dec
}

@article{delPapa:2010jy,
author = {del Papa, C and Kirschbaum, A and Powell, Jaime and Brod, A and Hongn, F and Pimentel, M},
title = {{Sedimentological, geochemical and paleontological insights applied to continental omission surfaces: A new approach for reconstructing an Eocene foreland basin in NW Argentina}},
journal = {J. South Am. Earth Sci.},
year = {2010},
volume = {29},
number = {2},
pages = {327--345},
month = mar
}

@article{Vucetich:2007te,
author = {Vucetich, Mar{\'\i}a G and Reguero, Marcelo A and Bond, Mariano and Candela, Adriana M and Carlini, Alfredo A and Deschamps, Cecilia M and Gelfo, Javier N and Goin, Francisco J and L{\'o}pez, Guillermo M and Ortiz Jaureguizar, Edgardo and Pascual, Rosendo and Scillato-Yan{\'e}, Gustavo J and Vieytes, E Carolina},
title = {{Mam{\'\i}feros continentales del Pale{\'o}geno argentino: las investigaciones de los {\'u}ltimos cincuenta a{\~n}os}},
journal = {Ameghiniana},
year = {2007},
volume = {Publicaci{\'o}n Especial 11},
pages = {239--255},
month = dec
}

@article{Wainwright:2012ww,
author = {Wainwright, Peter C and Smith, W Leo and Price, Samantha A and Tang, Kevin L and Sparks, John S and Ferry, Lara A and Kuhn, Kristen L and Eytan, Ron I and Near, Thomas J},
title = {{Evolution of pharyngognathy: a phylogenetic and functional appraisal of the pharyngeal jaw key innovation in labroid fishes and beyond}},
journal = {Syst. Biol.},
year = {2012},
volume = {61},
number = {6},
pages = {1001--1027},
month = jun
}

@incollection{Kullander:1998vo,
author = {Kullander, Sven O},
title = {{A phylogeny and classification of the South American Cichlidae (Teleostei: Perciformes)}},
booktitle = {Phylogeny and Classification of Neotropical Fishes},
year = {1998},
editor = {Malabarba, L R and Reis, R E and Vari, R P and Lucena, Z M S and Lucena, C A S},
pages = {461--496},
publisher = {Edipucrs},
address = {Porto Alegre},
month = jul
}

@article{LopezFernandez:2010ke,
author = {L{\'o}pez-Fern{\'a}ndez, Hern{\'a}n and Winemiller, Kirk O and Honeycutt, Rodney L},
title = {{Multilocus phylogeny and rapid radiations in Neotropical cichlid fishes (Perciformes: Cichlidae: Cichlinae)}},
journal = {Mol. Phylogenet. Evol.},
year = {2010},
volume = {55},
number = {3},
pages = {1070--1086},
month = jun
}

@article{Murray:2002tc,
author = {Murray, Alison M},
title = {{Lower pharyngeal jaw of a cichlid fish (Actinopterygii; Labroidei) from an Early Oligocene site in the Fayum, Egypt}},
journal = {J. Vert. Paleontol.},
year = {2002},
volume = {22},
number = {2},
pages = {453--455},
month = dec
}

@article{Murray:1999ux,
author = {Murray, Alison M and Stewart, Kathlyn M},
title = {{A new species of tilapiine cichlid from the Pliocene, Middle Awash, Ethiopia}},
journal = {J. Vert. Paleontol.},
year = {1999},
volume = {19},
number = {2},
pages = {293--301},
month = dec
}

@article{Lippitsch:1998th,
author = {Lippitsch, Elisabeth and Micklich, Norbert},
title = {{Cichlid fish biodiversity in an Oligocene lake}},
journal = {Ital J Zool},
year = {1998},
volume = {65},
number = {Suppl.},
pages = {185--188},
month = jul
}

@article{Yang:2006eu,
author = {Yang, Ziheng and Rannala, Bruce},
title = {{Bayesian estimation of species divergence times under a molecular clock using multiple fossil calibrations with soft bounds}},
journal = {Mol. Biol. Evol.},
year = {2006},
volume = {23},
number = {1},
pages = {212--226},
month = aug
}

@article{Ksepka:2011bv,
author = {Ksepka, Daniel T and Benton, Michael J and Carrano, Matthew T and Gandolfo, Maria A and Head, Jason J and Hermsen, Elizabeth J and Joyce, Walter G and Lamm, Kristin S and Patan{\'e}, Jos{\'e} S L and Phillips, Matthew J and Polly, P David and Van Tuinen, Marcel and Ware, Jessica L and Warnock, Rachel C M and Parham, James F},
title = {{Synthesizing and databasing fossil calibrations: divergence dating and beyond}},
journal = {Biol. Lett.},
year = {2011},
volume = {7},
number = {6},
pages = {801--803},
month = dec
}

@article{Donaldson:1999tx,
author = {Donaldson, Kim A and Wilson Jr, Raymond R},
title = {{Amphi-Panamic geminates of snook (Percoidei: Centropomidae) provide a calibration of the divergence rate in the mitochondrial DNA control region of fishes }},
journal = {Mol. Phylogenet. Evol.},
year = {1999},
volume = {13},
number = {1},
pages = {208--213},
month = sep
}

@article{Foote:1999vr,
author = {Foote, Mike and Sepkoski, Jr, J John},
title = {{Absolute measures of the completeness of the fossil record}},
journal = {Nature},
year = {1999},
volume = {398},
pages = {415--417},
month = mar
}

@article{Lanfear:2012ei,
author = {Lanfear, Robert and Calcott, Brett and Ho, Simon Y W and Guindon, St{\'e}phane},
title = {{PartitionFinder: combined selection of partitioning schemes and substitution models for phylogenetic analyses.}},
journal = {Mol. Biol. Evol.},
year = {2012},
volume = {29},
number = {6},
pages = {1695--1701},
month = jun
}

@article{Springer:1993ty,
author = {Springer, Victor G},
title = {{Definition of the suborder Blennioidei and its included families (Pisces: Perciformes)}},
journal = {Bull Mar Sci},
year = {1993},
volume = {52},
number = {1},
pages = {472--495},
month = aug
}

@incollection{Reis:1998tu,
author = {Reis, Roberto E},
title = {{Systematics, biogeography, and the fossil record of the Callichthyidae: a review of the available data}},
booktitle = {Phylogeny and classification of Neotropical fishes},
year = {1998},
pages = {351--362},
publisher = {Museu de Ciencias e Tecnologia, PUCRS},
address = {Porto Alegre, Brazil},
month = feb
}

@article{Cione:1987te,
author = {Cione, Alberto L},
title = {{The Late Cretaceous fauna of Los Alamitos, Patagonia, Argentina part II---the fishes.}},
journal = {Revista del Museo Argentina de Ciencias Naturales "Bernardino Rivadavia" e Instituto Nacional de Investigacion de las Ciencias Naturales: Paleontolog{\'\i}a},
year = {1987},
volume = {3},
number = {3},
pages = {111--120},
month = feb
}

@article{Malabarba:2006vw,
author = {Malabarba, Maria C and Zuleta, Oscar and Del Papa, Cecilia},
title = {{\emph{Proterocara argentina}, a new fossil cichlid from the Lumbrera Formation, Eocene of Argentina}},
journal = {J. Vert. Paleontol.},
year = {2006},
volume = {26},
number = {2},
pages = {267--275},
month = dec
}

@article{Roberts:1999vg,
author = {Roberts, Tyson R and Jumnongthai, Junya},
title = {{Miocene fishes from Lake Phetchabun in northcentral Thailand, with descriptions of new taxa of Cyprinidae, Pangasiidae, and Chandidae}},
journal = {Natural History Bulletin of the Siamese Society},
year = {1999},
volume = {47},
pages = {153--189},
month = jun
}

@article{Grande:1988ut,
author = {Grande, Lance and Lundberg, John G},
title = {{Revision and redescription of the genus \emph{Astephus} (Siluriformes: Ictaluridae) with a discussion of its phylogenetic relationships}},
journal = {J. Vert. Paleontol.},
year = {1988},
volume = {8},
number = {2},
pages = {139--171},
month = feb
}

@article{Murray:2010ur,
author = {Murray, Alison M and Cook, Todd D and Attia, Yousry S and Chatrath, Prithijit and Simons, Elwyn L},
title = {{A freshwater ichthyfauna from the Late Eocene Birket Qarun Formation, Fayum, Egypt}},
journal = {J. Vert. Paleontol.},
year = {2010},
volume = {30},
number = {3},
pages = {665--680},
month = feb
}

@article{Bannikov:1995th,
author = {Bannikov, Alexandre F and Tyler, James C},
title = {{Phylogenetic revision of the fish families Luvaridae and †Kushlukiidae (Acanthuroidei), with a new genus and two new species of Eocene luvarids}},
journal = {Smithsonian Contributions to Paleobiology},
year = {1995},
volume = {81},
pages = {1--49},
month = nov
}

@article{Malabarba:2008tv,
author = {Malabarba, Maria Claudia and Malabarba, Luiz Roberto},
title = {{A new cichlid \emph{Tremembichthys garcia} (Actinopterygii, Perciformes) from the Eocene-Oligocene of Eastern Brazil}},
journal = {Rev. Bras. Paleontol.},
year = {2008},
volume = {11},
number = {1},
pages = {59--68},
month = apr
}

@article{Carnevale:2010eg,
author = {Carnevale, Giorgio and Pietsch, Theodore W},
title = {{Eocene handfishes from Monte Bolca, with description of a new genus and species, and a phylogeny of the family Brachionichthyidae (Teleostei: Lophiiformes)}},
journal = {Zoological Journal of the Linnean Society},
year = {2010},
volume = {160},
number = {4},
pages = {621--647},
month = nov
}

@article{Carnevale:2008uf,
author = {Carnevale, Giorgio and Pietsch, Theodore W and Takeuchi, Gary T and Huddleston, Richard W},
title = {{Fossil ceratioid anglerfishes (Teleostei: Lophiiformes) from the Miocene of the Los Angeles Basin, California}},
journal = {J Paleont},
year = {2008},
volume = {82},
number = {5},
pages = {996--1008},
month = aug
}

@article{Tyler:1996tl,
author = {Tyler, James C and Sorbini, Lorenzo},
title = {{New superfamily and three new families of tetraodontiform fishes from the Upper Cretaceous: the earliest and most morphologically primitive plectognaths}},
journal = {Smithsonian Contributions to Paleobiology},
year = {1996},
volume = {82},
pages = {1--62},
month = nov
}

@article{Willumsen:2004vd,
author = {Willumsen, Pi Suhr},
title = {{Palynology of the Lower Eocene deposits of northwest Jutland, Denmark}},
journal = {B Geol Soc Denmark},
year = {2004},
volume = {52},
pages = {141--157},
month = dec
}

@article{Rabosky:2007io,
author = {Rabosky, Daniel L and Donnellan, S C and Talaba, A L and Lovette, I J},
title = {{Exceptional among-lineage variation in diversification rates during the radiation of Australia's most diverse vertebrate clade}},
journal = {Proc. R. Soc. B},
year = {2007},
volume = {274},
number = {1628},
pages = {2915--2923},
month = dec
}

@article{PondellaII:2003dq,
author = {Pondella II, Daniel J and Craig, Matthew T and Franck, Jens P C},
title = {{The phylogeny of \emph{Paralabrax} (Perciformes: Serranidae) and allied taxa inferred from partial 16S and 12S mitochondrial ribosomal DNA sequences}},
journal = {Mol. Phylogenet. Evol.},
year = {2003},
volume = {29},
number = {1},
pages = {176--184},
month = oct
}

@article{Schultz:2000wq,
author = {Schultz, Ortwin},
title = {{Ein Zackenbarsch (\emph{Epinephelus}, Serranidae, Pisces) aus dem Mittel-Mioz{\"a}n von Retznei, Steiermark}},
journal = {Joannea Geol Pal{\"a}ont},
year = {2000},
volume = {2},
pages = {5--56},
month = oct
}

@article{Brown:1979ve,
author = {Brown, Wesley M and George, Matthew Jr and Wilson, Allan C},
title = {{Rapid evolution of animal mitochondrial DNA}},
journal = {Proc. Natl. Acad. Sci. USA},
year = {1979},
volume = {76},
number = {4},
pages = {1967--1971},
month = nov
}

@article{Pyron:2011dt,
author = {Pyron, R Alexander},
title = {{Divergence time estimation using fossils as terminal taxa and the origins of Lissamphibia}},
journal = {Syst. Biol.},
year = {2011},
volume = {60},
number = {4},
pages = {466--481},
month = jun
}

@article{Long:1992vl,
author = {Long, Douglas J},
title = {{Sharks from the La Meseta Formation (Eocene), Seymour Island, Antarctic Peninsula}},
journal = {J. Vert. Paleontol.},
year = {1992},
volume = {12},
number = {1},
pages = {11--32},
month = dec
}

@article{Ivany:2008gl,
author = {Ivany, L C and Lohmann, K C and Hasiuk, F and Blake, D B and Glass, A and Aronson, R B and Moody, R M},
title = {{Eocene climate record of a high southern latitude continental shelf: Seymour Island, Antarctica}},
journal = {Geol Soc Am Bull},
year = {2008},
volume = {120},
number = {5-6},
pages = {659--678},
month = apr
}

@article{Bond:1983tm,
author = {Bond, M and Vucetich, Mar{\'\i}a G},
title = {{\emph{Indalecia grandesis} gen. et sp. nov. del Eoceno temprano del Noroeste Argentino, tipo de una nueva subfamilia de los Adianthidae (Mammalia, Litopterna)}},
journal = {Revista de la Asociaci{\'o}n Geol{\'o}gica Argentina},
year = {1983},
volume = {37},
pages = {107--117}
}

@article{Carbajal:1977vs,
author = {Carbajal, E and Pascual, R and Pinedo, R and Salfity, J and Vucetich, Mar{\'\i}a G},
title = {{Un nuevo mam{\'\i}fero de la Formaci{\'o}n Lumbrera (Grupo Salta) de la Comarca de Carahuasi (Salta, Argentina). Edad y correlaciones}},
journal = {Publicaciones del Museo Municipal de Ciencias Naturales de Mar del Plata ``Lorenzo Scaglia'' 2, Mar del Plata},
year = {1977},
volume = {7},
pages = {148--163}
}

@article{Pascual:1980ut,
author = {Pascual, R},
title = {{Prepidolopidae, una nueva familia de Marsupialia didelphoidea del Eoceno sudamericano}},
journal = {Ameghiniana},
year = {1980},
volume = {17},
pages = {216--242}
}

@article{Schultz:1993ws,
author = {Schultz, Ortwin},
title = {{Der Nachweis von Scorpaena s.s. (Pisces, Teleostei) im Badenien von St. Margarethen, Burgenland, {\"O}sterreich}},
journal = {Ann Naturhist Mus Wien},
year = {1993},
volume = {95},
pages = {127--177},
month = dec
}

@inproceedings{Pascual:uy,
author = {Pascual, R},
title = {{Nuevos y singulares tipos ecol{\'o}gicos de marsupiales extinguidos de Am{\'e}rica del Sur (Paleoceno Tard{\'\i}o o Eoceno temprano) del Noroeste Argentino}},
booktitle = {II Congreso Argentino de Paleontolog{\'\i}a y Bioestratigraf{\'\i}a y I Congreso Latinoamericano de Paleontolog{\'\i}a},
year = {1980},
pages = {151--173},
address = {Buenos Aires}
}

@inproceedings{Pascual:1981uva,
author = {Pascual, R and Bond, M and Vucetich, Mar{\'\i}a G},
title = {{El Subgrupo Santa B{\'a}rbara (Grupo Salta) y sus vertebrados, cronolog{\'\i}a, paleoambientes y paleobiogeograf{\'\i}a}},
booktitle = {VIII Congreso Geol{\'o}gico Argentino},
year = {1981},
pages = {743--778}
}

@article{Vucetich:1982uu,
author = {Vucetich, Mar{\'\i}a G and Bond, M},
title = {{Los primeros Isotemnidae (Mammalia, Notoungulata) registrados en la Formaci{\'o}n Lumbrera (Grupo Salta), del Noroeste Argentino}},
journal = {Ameghiniana},
year = {1982},
volume = {19},
pages = {7--18}
}

@article{Fernandez:2016kw,
author = {Fern{\'a}ndez, Rosa and Edgecombe, Gregory D and Giribet, Gonzalo},
title = {{Exploring phylogenetic relationships within Myriapoda and the effects of matrix composition and occupancy on phylogenomic reconstruction}},
journal = {Syst. Biol.},
year = {2016},
volume = {Advance Access, doi: 10.1093/sysbio/syw041},
month = may
}

@phdthesis{Natale:2008vw,
author = {Natale, Marco},
title = {{Il gasterosteiforme cretaceo \emph{Gasterorhamphosus zuppichinii }Sorbini, 1981: analisi morfoanatomica e considerazioni sistematiche.}},
school = {Universita' di Pisa},
year = {2008},
address = {Pisa},
month = dec
}

@article{Friedman:2013hv,
author = {Friedman, Matt and Keck, Benjamin P and Dornburg, Alex and Eytan, Ron I and Martin, Christopher H and Hulsey, C Darrin and Wainwright, Peter C and Near, Thomas J},
title = {{Molecular and fossil evidence place the origin of cichlid fishes long after Gondwanan rifting}},
journal = {Proc. R. Soc. B},
year = {2013},
volume = {280},
pages = {20131733},
month = sep
}

@article{Matschiner:2016ga,
author = {Matschiner, Michael and Musilov{\'a}, Zuzana and Barth, Julia M I and Starostov{\'a}, Zuzana and Salzburger, Walter and Steel, Mike and Bouckaert, Remco},
title = {{Bayesian node dating based on probabilities of fossil sampling supports trans-Atlantic dispersal of cichlid fishes}},
journal = {BioRxiv preprint},
year = {2016},
month = feb
}

@article{Solow:1997tba,
author = {Solow, A R and Smith, W},
title = {{On fossil preservation and the stratigraphic ranges of taxa}},
journal = {Paleobiology},
year = {1997}
}

@article{Bajpai:1998wm,
author = {Bajpai, S and Gingerich, P D},
title = {{A new Eocene archaeocete (Mammalia, Cetacea) from India and the time of origin of whales}},
journal = {Proc. Natl. Acad. Sci. U.S.A.},
year = {1998},
volume = {95},
number = {26},
pages = {15464--15468},
month = dec
}

@article{MartinMartin:2001um,
author = {Mart{\'\i}n-Mart{\'\i}n, M and Rey, J and Garcia, FJ Alcala and Tosquella, J and Deramond, J and Lara-Corona, E and Duranthon, F and Antoine, P-O},
title = {{Tectonic controls on the deposits of a foreland basin: an example from the Eocene Corbi{\`e}res--Minervois basin, France}},
journal = {Basin Research},
year = {2001},
volume = {13},
pages = {419--433}
}

@article{Martill:2007hy,
author = {Martill, David M},
title = {{The age of the Cretaceous Santana Formation fossil Konservat Lagerst{\"a}tte of north-east Brazil: a historical review and an appraisal of the biochronostratigraphic utility of its palaeobiota}},
journal = {Cretaceous Res},
year = {2007},
volume = {28},
number = {6},
pages = {895--920},
month = dec
}

@incollection{Vandenberghe:2012ih,
author = {Vandenberghe, N and Hilgen, F J and Speijer, R P},
title = {{The Paleogene period}},
booktitle = {The Geologic Time Scale 2012},
year = {2012},
editor = {Gradstein, Felix M},
pages = {855--921},
publisher = {Elsevier},
address = {Amsterdam, Netherlands}
}

@article{SerraKiel:1998usa,
author = {Serra-Kiel, J and Hottinger, L and Caus, E and Drobne, K and Ferr{\`a}ndez, Carles and Jauhri, Anil Kumar and Less, Gy{\"o}rgy and Pavlovec, Rajko and Pignatti, Johannes and Sams{\'o}, Josep Maria and Schaub, Hans and Sirel, Ercument and Strougo, Amin and Tambareau, Yvette and Tosquella, Josep and Zakrevskaya, Elena},
title = {{Larger foraminiferal biostratigraphy of the Tethyan Paleocene and Eocene}},
journal = {Bulletin de la Soci{\'e}t{\'e} G{\'e}ologique de France},
year = {1998}
}

@article{Wilkinson:2010fc,
author = {Wilkinson, R D and Steiper, M E and Soligo, C and Martin, R D and Yang, Ziheng and Tavare, S},
title = {{Dating primate divergences through an integrated analysis of palaeontological and molecular data}},
journal = {Syst. Biol.},
year = {2011},
volume = {60},
number = {1},
pages = {16--31}
}

@book{Gradstein:2012ur,
author = {Gradstein, Felix M},
editor = {Gradstein, Felix M},
title = {{The Geologic Time Scale 2012}},
publisher = {Elsevier, Amsterdam, Netherlands},
year = {2012}
}

@booklet{Godefroit:2012vl,
title = {{Bernissart Dinosaurs and Early Cretaceous Terrestrial Ecosystems}},
author = {Godefroit, Pascal},
howpublished = {Indiana University Press},
address = {Indiana},
month = jul,
year = {2012}
}

@article{Ratnasingham:2007fc,
author = {Ratnasingham, Sujeevan and Hebert, Paul D N},
title = {{BOLD: The Barcode of Life Data System (www.barcodinglife.org)}},
journal = {Mol. Ecol. Notes},
year = {2007},
volume = {7},
number = {3},
pages = {355--364},
month = jan
}

@book{Press:2007vx,
author = {Press, William H and Teukolsky, Saul A and Vetterling, William T and Flannery, Brian P},
title = {{Numerical Recipes: The Art of Scientific Computing}},
publisher = {Cambridge University Press},
year = {2007},
address = {New York, USA}
}

@article{Alfaro:2007dk,
author = {Alfaro, Michael E and Santini, Francesco and Brock, Chad D},
title = {{Do reefs drive diversification in marine teleosts? Evidence from the pufferfishes and their allies (order Tetraodontiformes)}},
journal = {Evolution},
year = {2007},
volume = {61},
number = {9},
pages = {2104--2126},
month = sep
}

@article{Murray:2004ta,
author = {Murray, Alison M},
title = {{Late Eocene and early Oligocene teleost and associated ichthyofauna of the Jebel Qatrani Formation, Fayum, Egypt}},
journal = {Palaeontology},
year = {2004},
volume = {47},
number = {3},
pages = {711--724},
month = apr
}

@article{Murphy:1998tc,
author = {Murphy, William J and Collier, Glen E},
title = {{A molecular phylogeny for aplocheiloid fishes (Atherinomorpha, Cyprinodontiformes): the role of vicariance and the origins of annualism}},
journal = {Mol. Biol. Evol.},
year = {1998},
volume = {14},
number = {8},
pages = {790--799},
month = jul
}

@incollection{Wiley:2010wr,
author = {Wiley, E O and Johnson, G David},
title = {{A teleost classification based on monophyletic groups}},
booktitle = {Origin and Phylogenetic Interrelationships of Teleosts},
year = {2010},
pages = {123--182},
publisher = {Verlag Dr. Friedrich Pfeil},
address = {M{\"u}nchen, Germany},
month = jan
}

@article{Taverne:1982vb,
author = {Taverne, Louis},
title = {{Sur \emph{Pattersonella formosa }(Traquair R.H. 1911) et \emph{Nybelinoides brevis }(Traquair R.H. 1911), t{\'e}l{\'e}ost{\'e}ens salmoniformes argentinoides du Wealdien inf{\'e}rieur de Bernissart, Belgique, pr{\'e}c{\'e}demment attribu{\'e}s au genre Leptolepis Agassiz L. 1832}},
journal = {Bulletin de l'Institut Royal des Sciences Naturelles de Belgique, Sciences de la Terre},
year = {1982},
volume = {54},
pages = {1--27}
}

@article{Chakrabarty:2007tr,
author = {Chakrabarty, Prosanta},
title = {{Taxonomic status of the hispaniolan Cichlidae}},
journal = {Occas. Pap. Mus. Zool. Univ. Mich.},
year = {2007},
pages = {1--20},
month = oct
}

@article{Dietze:2009cb,
author = {Dietze, Kathrin},
title = {{Morphology and phylogenetic relationships of certain neoteleostean fishes from the Upper Cretaceous of Sendenhorst, Germany}},
journal = {Cretaceous Res},
year = {2009},
volume = {30},
number = {3},
pages = {559--574},
month = jun
}

@incollection{PoyatoAriza:1996vn,
author = {Poyato-Ariza, Francisco Jos{\'e}},
title = {{A revision of \emph{Rubiesichthys gregalis} WENZ 1984 (Ostariophysi, Gonorynchiformes), from the Early Cretaceous of Spain}},
booktitle = {Mesozoic Fishes - Systematics and Paleoecology},
year = {1996},
editor = {Arratia, Glora and Viohl, G},
pages = {319--328},
publisher = {Verlag Dr. Friedrich Pfeil},
address = {M{\"u}nchen, Germany},
month = sep
}

@article{Lamboj:2000wt,
author = {Lamboj, Anton and Snoeks, Jos},
title = {{\emph{Divandu albimarginatus}, a new genus and species of cichlid (Teleostei: Cichlidae) from Congo and Gabon, Central Africa}},
journal = {Ichthyological Exploration of Freshwaters},
year = {2000},
volume = {11},
number = {4},
pages = {355--360}
}

@article{Kimura:1992vx,
author = {Kimura, Tasuaki and Ohana, Tamiko and Naito, Gentaro},
title = {{\emph{Cupressionocladus} sp., newly found from the Lower Cretaceous Wakino Formation, West Japan}},
journal = {Bulletin of the Kitakyushu Museum of Natural History},
year = {1992},
volume = {11},
pages = {79--86},
month = may
}

@incollection{Gayet:1991tq,
author = {Gayet, Mireille and Marshall, Larry G and Semp{\'e}r{\'e}, Thierry},
title = {{The Mesozoic and Paleocene vertebrates of Bolivia and their stratigraphic context : a review}},
booktitle = {Fosiles y Facies de Bolivia - Vol. I Vertebrados},
year = {1991},
editor = {Suarez-Soruco, R},
pages = {393--433},
publisher = {Revista Technica de YPFB},
address = {Santa Cruz, Bolivia},
month = may
}

@article{Liu:2009cz,
author = {Liu, Juan and Chang, Mee-Mann},
title = {{A new Eocene catostomid (Teleostei: Cypriniformes) from northeastern China and early divergence of Catostomidae}},
journal = {Sci China Ser D-Earth Sci},
year = {2009},
volume = {52},
number = {2},
pages = {189--202},
month = jan
}

@article{Fink:1984wl,
author = {Fink, Sara V and Greenwood, P Humphrey and Fink, William L},
title = {{A critique of recent work on fossil ostariophysan fishes}},
journal = {Copeia},
year = {1984},
volume = {1984},
number = {4},
pages = {1033--1041},
month = jan
}

@article{Uyeno:1980ua,
author = {Uyeno, Teruya and Yabumoto, Yoshitaka},
title = {{Early Cretaceous freshwater fishes from Northern Kyushu, Japan: II. Restoration of two species of the clupeoid fish genus \emph{Diplomystus}}},
journal = {Bulletin of the Kitakyushu Museum of Natural History},
year = {1980},
volume = {2},
pages = {25--31},
month = apr
}

@incollection{Wilson:1996tj,
author = {Wilson, Mark V H and Murray, Alison M},
title = {{Early Cenomanian acanthomorph teleost in the Cretaceous Fish Scale Zone, Albian/Cenomanian boundary, Alberta, Canada}},
booktitle = {Mesozoic Fishes - Systematics and Paleoecology},
year = {1996},
editor = {Arratia, Gloria and Viohl, G},
pages = {369--382},
publisher = {Verlag Dr. Friedrich Pfeil},
address = {M{\"u}nchen, Germany},
month = sep
}

@article{Ali:2011ev,
author = {Ali, Jason R and Krause, David W},
title = {{Late Cretaceous bioconnections between Indo-Madagascar and Antarctica: refutation of the Gunnerus Ridge causeway hypothesis}},
journal = {Journal of Biogeography},
year = {2011},
volume = {38},
number = {10},
pages = {1855--1872},
month = jun
}

@article{Near:2012ef,
author = {Near, Thomas J and Eytan, Ron I and Dornburg, Alex and Kuhn, Kristen L and Moore, Jon A and Davis, Matthew P and Wainwright, Peter C and Friedman, Matt and Smith, W Leo},
title = {{Resolution of ray-finned fish phylogeny and timing of diversification}},
journal = {Proc. Natl. Acad. Sci. USA},
year = {2012},
volume = {109},
number = {34},
pages = {13698--13703},
month = aug
}

@incollection{Murray:1999uj,
author = {Murray, Alison M and Wilson, Mark V H},
title = {{Contributions of fossils to the phylogenetic relationships of the percopsiform fishes (Teleostei: Paracanthopterygii): order restored}},
booktitle = {Mesozoic Fishes 2 - Systematics and Fossil Record},
year = {1999},
editor = {Arratia, Gloria and Schultze, H-P},
pages = {397--411},
publisher = {Verlag Dr. Friedrich Pfeil},
address = {M{\"u}nchen, Germany},
month = sep
}

@incollection{Stewart:1996uu,
author = {Stewart, J D},
title = {{Cretaceous acanthomorphs of North America}},
booktitle = {Mesozoic Fishes - Systematics and Paleoecology},
year = {1996},
editor = {Arratia, Gloria and Viohl, G},
pages = {383--394},
publisher = {Verlag Dr. Friedrich Pfeil},
address = {M{\"u}nchen, Germany},
month = sep
}

@article{Agiadi:2011cc,
author = {Agiadi, Konstantina and Triantaphyllou, Maria and Girone, Angela and Karakitsios, Vasileios},
title = {{The early Quaternary palaeobiogeography of the eastern Ionian deep-sea teleost fauna: A novel palaeocirculation approach}},
journal = {Palaeogeogr Palaeocl},
year = {2011},
volume = {306},
number = {3-4},
pages = {228--242},
month = jun
}

@article{Anderson:1998uw,
author = {Anderson, M Eric},
title = {{A Late Cretaceous (Maastrichtian) galaxiid fish from South Africa}},
journal = {J.L.B. Smith Institute of Ichthyology Special Publication},
year = {1998},
volume = {60},
month = feb
}

@article{Scott:2009vz,
author = {Scott, Robert W and Oboh-Ikuenobe, Francisca E and Benson Jr, Don G and Holbrook, John M},
title = {{Numerical age calibration of the Albian/Cenomanian boundary}},
journal = {Stratigraphy},
year = {2009},
volume = {6},
number = {1},
pages = {17--32},
month = apr
}

@incollection{GonzalezRodriguez:2008vw,
author = {Gonz{\'a}lez-Rodr{\'\i}guez, Katia and Fielitz, Christopher},
title = {{A new species of acanthomorph fish form the Upper Cretaceous Muhi Quarry, Hidalgo, Central Mexico}},
booktitle = {Mesozoic Fishes 4 - Homology and Phylogeny},
year = {2008},
editor = {Arratia, Gloria and Schultze, H-P and Wilson, M V H},
pages = {399--411},
publisher = {Verlag Dr. Friedrich Pfeil},
address = {M{\"u}nchen, Germany},
month = aug
}

@incollection{Gallo:2008uf,
author = {Gallo, Val{\'e}ria and Coelho, Pablo M},
title = {{First occurrence of an aulopiform fishin the Barremian of the Sergipe-Alagoas Basin, northeastern Brazil}},
booktitle = {Mesozoic Fishes 4 -- Homology and Phylogeny},
year = {2008},
editor = {Arratia, Gloria and Schultze, Hans-Peter and Wilson, Mark V H},
pages = {351--371},
publisher = {Verlag Dr. Friedrich Pfeil},
address = {M{\"u}nchen, Germany},
month = feb
}

@article{Lamboj:2001uz,
author = {Lamboj, Anton},
title = {{Revision des \emph{Chromidotilapia batesii/finleyi}-Komplexes (Teleostei, Perciformes), mit der Beschreibung einer neuen Gattung und dreier neuer Arten}},
journal = {Verhandlungen der Gesellschaft f{\"u}r Ichthyologie},
year = {2001},
volume = {2},
pages = {11--47},
month = jan
}

@incollection{Saintot:2006uy,
author = {Saintot, Aline and Brunet, Marie-Fran{\c c}oise and Yakovlev, Fedor and S{\'e}brier, Michel and Stephenson, Randell and Ershov, Andrei and Chalot-Prat, Fran{\c c}oise and McCann, Tommy},
title = {{The Mesozoic--Cenozoic tectonic evolution of the Greater Caucasus}},
booktitle = {European Lithosphere Dynamics},
year = {2006},
editor = {Gee, D G and Stephenson, R A},
pages = {277--289},
publisher = {The Geological Society of London},
address = {London, UK},
month = oct
}

@article{Lamboj:2009th,
author = {Lamboj, Anton},
title = {{A new dwarf cichlid genus and species (Teleostei, Cichlidae) from Guinea, West Africa}},
journal = {Zootaxa},
year = {2009},
volume = {2173},
pages = {41--48},
month = jul
}

@article{Chen:2003uh,
author = {Chen, Wei-Jen and Bonillo, C{\'e}line and Lecointre, Guillaume},
title = {{Repeatability of clades as a criterion of reliability: a case study for molecular phylogeny of Acanthomorpha (Teleostei) with larger number of taxa}},
journal = {Mol. Phylogenet. Evol.},
year = {2003},
volume = {26},
number = {2},
pages = {262--288}
}

@article{Lamboj:2012vw,
author = {Lamboj, Anton},
title = {{Das Kongo-System -- Cichlidengattungen und -arten}},
journal = {DCG-Informationen},
year = {2012},
volume = {43},
number = {5},
pages = {94--112},
month = may
}

@article{Bannikov:2005vk,
author = {Bannikov, A F and Bacchia, F},
title = {{New species of the Cenomanian Eurypterygii (Pisces, Teleostei) from Lebanon}},
journal = {Paleontol J},
year = {2005},
volume = {39},
number = {5},
pages = {514--522},
month = sep
}

@article{Greenwood:1987wu,
author = {Greenwood, P Humphrey},
title = {{The genera of pelmatochromine fishes (Teleostei, Cichlidae). A phylogenetic review}},
journal = {Bulletin of the British Museum of Natural History (Zoology)},
year = {1987},
volume = {53},
number = {3},
pages = {139--203},
month = jan
}

@article{Patterson:1964tq,
author = {Patterson, Colin},
title = {{A review of Mesozoic acanthopterygian fishes, with special reference to those of the English Chalk}},
journal = {Phil. Trans. R. Soc. B},
year = {1964},
volume = {247},
number = {739},
pages = {213--482},
month = jul
}

@article{Greenwood:1985tx,
author = {Greenwood, Peter Humphrey},
title = {{The generic status and affinities of \emph{Paratilapia thomasi} Blgr. 1915 (Teleostei, Cichlidae)}},
journal = {Bulletin of the British Museum (Natural History) Zoology},
year = {1985},
volume = {49},
number = {2},
pages = {257--272},
month = dec
}

@article{Jacobs:2005uo,
author = {Jacobs, L L and Ferguson, K and Polcyn, M J and Rennison, C},
title = {{Cretaceous $\delta$13C stratigraphy and the age of dolichosaurs and early mosasaurs}},
journal = {Neth J Geosci},
year = {2005},
volume = {84},
number = {3},
pages = {257--268},
month = nov
}

@article{Dunz:2010uq,
author = {Dunz, Andreas R and Schliewen, Ulrich K},
title = {{Description of a new species of \emph{Tilapia }Smith, 1840 (Teleostei: Cichlidae) from Ghana}},
journal = {Zootaxa},
year = {2010},
volume = {2548},
pages = {1--21},
month = jan
}

@article{Dunz:2010va,
author = {Dunz, Andreas R and Schliewen, Ulrich K},
title = {{Description of a \emph{Tilapia} (\emph{Coptodon}) species flock of Lake Ejagham (Cameroon), including a redescription of \emph{Tilapia} \emph{deckerti} Thys van den Audenaerde, 1967}},
journal = {Spixiana},
year = {2010},
volume = {33},
number = {2},
pages = {251--280},
month = dec
}

@article{Murray:1996td,
author = {Murray, Alison M},
title = {{A new Paleocene genus and species of percopsid, \emph{Massamorichthys wilsoni} (Paracanthopterygii) from Joffre Bridge, Alberta, Canada}},
journal = {J. Vert. Paleontol.},
year = {1996},
volume = {16},
number = {4},
pages = {642--652},
month = dec
}

@article{Nagl:2001bg,
author = {Nagl, S and Tichy, Herbert and Mayer, Werner E and Samonte, Irene E and McAndrew, Brendan J and Klein, Jan},
title = {{Classification and phylogenetic relationships of African tilapiine fishes inferred from mitochondrial DNA sequences}},
journal = {Mol. Phylogenet. Evol.},
year = {2001},
volume = {20},
number = {3},
pages = {361--374},
month = sep
}

@article{Schwarzhans:2003wu,
author = {Schwarzhans, Werner},
title = {{Fish otoliths from the Paleocene of Denmark}},
journal = {Geological Survey of Denmark and Greenland Bulletin},
year = {2003},
volume = {2},
pages = {1--94},
month = feb
}

@article{Li:2010eo,
author = {Li, Jun and Xia, Rong and McDowall, R M and L{\'o}pez, J Andr{\'e}s and Lei, Guangchun and Fu, Cuizhang},
title = {{Phylogenetic position of the enigmatic \emph{Lepidogalaxias salamandroides} with comment on the orders of lower euteleostean fishes}},
journal = {Mol. Phylogenet. Evol.},
year = {2010},
volume = {57},
number = {2},
pages = {932--936},
month = nov
}

@article{Nakatani:2011ji,
author = {Nakatani, Masanori and Miya, Masaki and Mabuchi, Kohji and Saitoh, Kenji and Nishida, Mutsumi},
title = {{Evolutionary history of Otophysi (Teleostei), a major clade of the modern freshwater fishes: Pangaean origin and Mesozoic radiation}},
journal = {BMC Evol. Biol.},
year = {2011},
volume = {11},
number = {1},
pages = {177},
month = jun
}

@article{Thacker:2009ff,
author = {Thacker, Christine E},
title = {{Phylogeny of Gobioidei and placement within Acanthomorpha, with a new classification and investigation of diversification and character evolution}},
journal = {Copeia},
year = {2009},
volume = {2009},
number = {1},
pages = {93--104},
month = dec
}

@article{Sparks:2011ud,
author = {Sparks, John S and Schelly, Robert S},
title = {{A new species of Paretroplus (Teleostei: Cichlidae: Etroplinae) from northeastern Madagascar, with a phylogeny and revised diagnosis for the P. damii clade}},
journal = {Zootaxa},
year = {2011},
volume = {2768},
pages = {55--68},
month = feb
}

@article{Sparks:2008fj,
author = {Sparks, John S},
title = {{Phylogeny of the cichlid subfamily Etroplinae and taxonomic revision of the Malagasy cichlid genus Paretroplus (Teleostei: Cichlidae)}},
journal = {Bulletin of the American Museum of Natural History},
year = {2008},
volume = {314},
number = {1},
pages = {1}
}

@article{Schwarzer:2012hv,
author = {Schwarzer, Julia and Swartz, E R and Vreven, E and Snoeks, Joe and Cotterill, F P D and Misof, Bernhard Y and Schliewen, Ulrich K},
title = {{Repeated trans-watershed hybridization among haplochromine cichlids (Cichlidae) was triggered by Neogene landscape evolution}},
journal = {Proc. R. Soc. B},
year = {2012},
volume = {279},
number = {1746},
pages = {4389--4398},
month = sep
}

@article{Johnson:1993tw,
author = {Johnson, G David and Patterson, Colin},
title = {{Percomorph phylogeny: a survey of Acanthomorphs and a new proposal}},
journal = {Bulletin of Marine Science},
year = {1993},
volume = {52},
number = {1},
pages = {554--626},
month = dec
}

@article{Wilson:2011fh,
author = {Wilson, A B and Orr, J W},
title = {{The evolutionary origins of Syngnathidae: pipefishes and seahorses}},
journal = {Journal of Fish Biology},
year = {2011},
volume = {78},
number = {6},
pages = {1603--1623},
month = jun
}

@article{Imamura:2000vh,
author = {Imamura, Hisashi},
title = {{An alternative hypothesis on the phylogenetic position of the family Dactylopteridae (Pisces: Teleostei), with a proposed new classification}},
journal = {Ichthyol. Res.},
year = {2000},
volume = {47},
number = {3},
pages = {203--222},
month = jul
}

@article{Rossi:2000tq,
author = {Rossi, Carla M Riva and Gosztonyi, Atila E and Cozzuol, Mario A},
title = {{A Miocene cusk-eel (Ophidiiformes: Ophidiidae) from the Pen{\'\i}nsula Vald{\'e}s, Argentina}},
journal = {J. Vert. Paleontol.},
year = {2000},
volume = {20},
number = {4},
pages = {645--650},
month = dec
}

@article{Murphy:1999wy,
author = {Murphy, William J and Thomerson, Jamie E and Collier, Glen E},
title = {{Phylogeny of the neotropical killifish family Rivulidae (Cyprinodontiformes, Aplocheiloidei) inferred from mitochondrial DNA sequences}},
journal = {Mol. Phylogenet. Evol.},
year = {1999},
volume = {13},
number = {2},
pages = {289--301},
month = nov
}

@article{Bannikov:2001tt,
author = {Bannikov, A F and Tyler, J C},
title = {{A new species of the luvarid fish genus \emph{Avitoluvarus} (Acanthuroidei : Perciformes) from the Eocene of the caucasus in southwest Russia}},
journal = {Proceedings of the Biological Society of Washington},
year = {2001},
volume = {114},
pages = {579--588},
month = jun
}

@article{Joyce:2011dn,
author = {Joyce, Domino A and Lunt, David H and Genner, Martin J and Turner, George F and Bills, Roger and Seehausen, Ole},
title = {{Repeated colonization and hybridization in Lake Malawi cichlids}},
journal = {Curr. Biol.},
year = {2011},
volume = {21},
number = {3},
pages = {R108--R109},
month = feb
}

@article{Murrell:2012fa,
author = {Murrell, Ben and Wertheim, Joel O and Moola, Sasha and Weighill, Thomas and Scheffler, Konrad and Kosakovsky Pond, Sergei L},
title = {{Detecting individual sites subject to episodic diversifying selection}},
journal = {PLOS Genet.},
year = {2012},
volume = {8},
number = {7},
pages = {e1002764},
month = jul
}

@article{Jetz:2012fk,
author = {Jetz, W and Thomas, G H and Joy, J B and Hartmann, K and Mooers, Arne {\O}},
title = {{The global diversity of birds in space and time}},
journal = {Nature},
year = {2012},
volume = {491},
pages = {444--448},
month = oct
}

@article{Rican:2008fm,
author = {{\v R}{\'\i}{\v c}an, Oldrich and Zardoya, Rafael and Doadrio, Ignacio},
title = {{Phylogenetic relationships of Middle American cichlids (Cichlidae, Heroini) based on combined evidence from nuclear genes, mtDNA, and morphology}},
journal = {Mol. Phylogenet. Evol.},
year = {2008},
volume = {49},
number = {3},
pages = {941--957},
month = dec
}

@article{Rosen:1984vr,
author = {Rosen, Donn E},
title = {{Zeiforms as primitive plectognath fishes}},
journal = {American Museum Novitates},
year = {1984},
volume = {2782},
pages = {1--45},
month = sep
}

@article{Huelsenbeck:2001vi,
author = {Huelsenbeck, John P and Ronquist, Fredrik},
title = {{MRBAYES: Bayesian inference of phylogenetic trees}},
journal = {Bioinformatics},
year = {2001},
volume = {17},
number = {8},
pages = {754--755}
}

@article{Takahashi:2002wd,
author = {Takahashi, Tetsumi and Nakaya, Kazuhiro},
title = {{Description and familial allocation of the African fluvial genus \emph{Teleogramma }to the Cichlidae}},
journal = {Ichthyol. Res.},
year = {2002},
volume = {49},
pages = {171--180},
month = may
}

@article{Popov:2008hm,
author = {Popov, S V and Sychevskaya, E K and Akhmet'ev, M A and Zaporozhets, N I and Golovina, L A},
title = {{Stratigraphy of the Maikop Group and Pteropoda Beds in northern Azerbaijan}},
journal = {Stratigr Geol Correl},
year = {2008},
volume = {16},
number = {6},
pages = {664--677},
month = dec
}

@article{Wippich:2004up,
author = {Wippich, Max G E and Lehmann, Jens},
title = {{Allocrioceras from the Cenomanian (Mid-Cretaceous) of the Lebanon and its bearing on the paleobiological interpretation of heteromorphic ammonites}},
journal = {Palaeontology},
year = {2004},
volume = {47},
number = {5},
pages = {1093--1107},
month = aug
}

@article{Kotlarczyk:2006tn,
author = {Kotlarczyk, Janusz and Jerzmanska, Anna and Swidnicka, Ewa},
title = {{A framework of ichthyofaunal ecostratigraphy of the Oligocene-Early Miocene strata of the Polish outer Carpathian basin}},
journal = {Ann Soc Geol Pol},
year = {2006},
volume = {76},
pages = {1--111},
month = jun
}

@article{Koblmuller:2010ii,
author = {Koblm{\"u}ller, Stephan and Egger, Bernd and Sturmbauer, Christian and Sefc, Kristina M},
title = {{Rapid radiation, ancient incomplete lineage sorting and ancient hybridization in the endemic Lake Tanganyika cichlid tribe Tropheini}},
journal = {Mol. Phylogenet. Evol.},
year = {2010},
volume = {55},
number = {1},
pages = {318--334},
month = apr
}

@article{Koblmuller:2008bj,
author = {Koblm{\"u}ller, Stephan and Schliewen, Ulrich K and Duftner, Nina and Sefc, Kristina M and Katongo, Cyprian and Sturmbauer, Christian},
title = {{Age and spread of the haplochromine cichlid fishes in Africa}},
journal = {Mol. Phylogenet. Evol.},
year = {2008},
volume = {49},
number = {1},
pages = {153--169},
month = oct
}

@article{Bouckaert:2013bn,
author = {Bouckaert, Remco and Alvarado-Mora, M{\'o}nica V and Rebello Pinho, Jo{\~a}o R},
title = {{Evolutionary rates and HBV: issues of rate estimation with Bayesian molecular methods}},
journal = {Antivir. Ther.},
year = {2013},
volume = {18},
number = {3 Pt B},
pages = {497--503}
}

@article{Cohen:1990ws,
author = {Cohen, Daniel M and Rosenblatt, Richard H and Moser, H. Geoffrey},
title = {{Biology and description of a bythithid fish from deep-sea thermal vents in the tropical eastern Pacific}},
journal = {Deep-Sea Res},
year = {1990},
volume = {37},
number = {2},
pages = {267--283},
month = may
}

@article{Tyler:2000tg,
author = {Tyler, James C},
title = {{\emph{Arambourgthurus}, a new genus of hypurostegic surgeonfish (Acanthuridae) from the Oligocene of Iran, with a phylogeny of the Nasinae}},
journal = {Geodiversitas},
year = {2000},
volume = {22},
number = {4},
pages = {525--537},
month = may
}

@article{Takahashi:2003fy,
author = {Takahashi, Tetsumi},
title = {{Systematics of Tanganyikan cichlid fishes (Teleostei: Perciformes)}},
journal = {Ichthyol. Res.},
year = {2003},
volume = {50},
number = {4},
pages = {367--382},
month = nov
}

@article{Lewis:2001wu,
author = {Lewis, Paul O},
title = {{A likelihood approach to estimating phylogeny from discrete morphological character data}},
journal = {Syst. Biol.},
year = {2001},
volume = {50},
number = {6},
pages = {913--925},
month = jan
}

@article{Westneat:2005hf,
author = {Westneat, Mark W and Alfaro, Michael E},
title = {{Phylogenetic relationships and evolutionary history of the reef fish family Labridae}},
journal = {Mol. Phylogenet. Evol.},
year = {2005},
volume = {36},
pages = {370--390},
month = mar
}

@article{Bohme:2007ti,
author = {B{\"o}hme, Madelaine},
title = {{Revision of the cyprinids from the Early Oligocene of the Ceske Stredohori Mountains, and the phylogenetic relationships of \emph{Protothymallus} Laube 1901 (Teleostei, Cyprinidae, Gobioninae)}},
journal = {Acta Musei Nationalis Pragae: Series B - Historia Naturalis},
year = {2007},
volume = {63},
number = {2-4},
pages = {175--194},
month = nov
}

@article{Sytchevskaya:2005th,
author = {Sytchevskaya, E K and Prokofiev, A M},
title = {{The first occurrence of fishes of the family Centrolophidae (Perciformes, Sromateoidei) in the Late Paleocene of Turkmenistan}},
journal = {J. Ichthyol.},
year = {2005},
volume = {45},
number = {1},
pages = {134--137},
month = feb
}

@article{Bannikov:1995vg,
author = {Bannikov, Alexandre F},
title = {{Morphology and phylogeny of fossil stromateoid fishes (Perciformes)}},
journal = {Geobios},
year = {1995},
volume = {19},
pages = {177--181},
month = feb
}

@article{Monsch:2006vz,
author = {Monsch, Kenneth A},
title = {{A revision of scombrid fishes (Scombroidei, Perciformes) from the Middle Eocene of Monte Bolca, Italy}},
journal = {Palaeontology},
year = {2006},
volume = {49},
number = {4},
pages = {873--888},
month = jun
}

@article{Fierstine:2006tt,
author = {Fierstine, Harry L},
title = {{Fossil history of billfishes (Xiphioidei)}},
journal = {Bulletin of Marine Science},
year = {2006},
volume = {79},
number = {3},
pages = {433--453},
month = dec
}

@article{Monsch:2004ws,
author = {Monsch, Kenneth A},
title = {{Revision of the scombroid fishes from the Cenozoic of England}},
journal = {T Roy Soc Edin Earth},
year = {2004},
volume = {95},
pages = {445--489},
month = may
}

@incollection{Krasheninnikov:1986tj,
author = {Krasheninnikov, V A},
title = {{The Kuban River sequence (USSR, North Caucasus)}},
booktitle = {Terminal Eocene Events},
year = {1986},
editor = {Pomerol, C and Premoli-Silva, I},
pages = {137--145},
publisher = {Elsevier Science Publishers},
address = {Amsterdam, The Netherlands},
month = sep
}

@article{dosReis:2015eg,
author = {dos Reis, Mario and Thawornwattana, Yuttapong and Angelis, Konstantinos and Telford, Maximilian J and Donoghue, Philip C J and Yang, Ziheng},
title = {{Uncertainty in the timing of origin of animals and the limits of precision in molecular timescales}},
journal = {Curr. Biol.},
year = {2015},
volume = {25},
number = {22},
pages = {2939--2950},
month = nov
}

@book{Gayet:2012wk,
author = {Gayet, Mireille and Abi Saad, Pierre and Gaudant, Olivier},
title = {{The Fossils of Lebanon}},
publisher = {{\'e}ditions d{\'e}siris},
year = {2012}
}

@article{Gottfried:2006vy,
author = {Gottfried, Michael D and Fordyce, R Ewan and Rust, Seabourne},
title = {{\emph{Megalampris keyesi}, a giant moonfish (Teleostei, Lampridiformes) from the Late Oligocene of New Zealand}},
journal = {J. Vert. Paleontol.},
year = {2006},
volume = {26},
number = {3},
pages = {544--551}
}

@article{Trewavas:1975tk,
author = {Trewavas, Ethelwynn and Stewart, Donald J},
title = {{A new species of Tilapia (Pisces, Cichlidae) in the Zambian Zaire System}},
journal = {Bulletin of the British Museum of Natural History (Zoology)},
year = {1975},
volume = {28},
number = {5},
pages = {191--197},
month = feb
}

@article{Heath:2014hn,
author = {Heath, T A and Huelsenbeck, John P and Stadler, Tanja},
title = {{The fossilized birth-death process for coherent calibration of divergence-time estimates}},
journal = {Proc. Natl. Acad. Sci. USA},
year = {2014},
volume = {111},
number = {29},
pages = {E2957--E2966},
month = jul
}

@article{Beck:2014cj,
author = {Beck, R M D and Lee, M S Y},
title = {{Ancient dates or accelerated rates? Morphological clocks and the antiquity of placental mammals}},
journal = {Proc. R. Soc. B},
year = {2014},
volume = {281},
number = {1793},
pages = {20141278--20141278},
month = aug
}

@inproceedings{Figueiredo:2011fw,
author = {Figueiredo, C A and Binga, L and Castelhano, J and Vining, B A},
title = {{Exploring for gas: the future for Angola}},
booktitle = {Petroleum Geology: From Mature Basins to New Frontierss -- Proceedings of the 7th Petroleum Geology Conference. Geological Society, London.},
year = {2011},
pages = {1043--1058},
month = nov
}

@article{Schwarzer:2011kk,
author = {Schwarzer, Julia and Misof, B and Schliewen, Ulrich K},
title = {{Speciation within genomic networks: a case study based on \emph{Steatocranus} cichlids of the lower Congo rapids}},
journal = {J. Evol. Biol.},
year = {2011},
volume = {25},
number = {1},
pages = {138--148},
month = nov
}

@book{Chernoff:2002tr,
author = {Chernoff, Carlotta B and Orris, G J},
title = {{Data set of world phosphate mines, deposits, and occurrences - Part A. Geologic data}},
publisher = {U.S. Geological Survey},
year = {2002},
month = jun
}

@article{Gaudant:2009ur,
author = {Gaudant, Jean},
title = {{Note compl{\'e}mentaire sur l'ichthyofaune oligoc{\`e}ne de Seifhennersdorf (Saxe, Allemagne) et de Varnsdorf, Kundratice, Lb{\'\i}n, Skalice, Kn{\'\i}{\v z}ec{\'\i}, etc. (Boh{\^e}me, R{\'e}publique tch{\`e}que)}},
journal = {Annalen des Naturhistorischen Museums Wien},
year = {2009},
volume = {111A},
pages = {281--312},
month = mar
}

@article{Bleher:2007vh,
author = {Bleher, Heiko and St{\"o}lting, Kai N and Salzburger, Walter and Meyer, Axel},
title = {{Revision of the genus Symphysodon Heckel, 1840 (Teleostei: Perciformes: Cichlidae) based on molecular and morphological characters}},
journal = {Aqua, International Journal of Ichthyology},
year = {2007},
volume = {12},
number = {4},
pages = {133--174},
month = jan
}

@article{Chakrabarty:2006hu,
author = {Chakrabarty, Prosanta},
title = {{Systematics and historical biogeography of Greater Antillean Cichlidae}},
journal = {Mol. Phylogenet. Evol.},
year = {2006},
volume = {39},
number = {3},
pages = {619--627},
month = jun
}

@article{Bannikov:2012jq,
author = {Bannikov, Alexandre F and Carnevale, Giorgio},
title = {{A long-bodied centriscoid fish from the basal Eocene of Kabardino-Balkaria, northern Caucasus, Russia}},
journal = {Naturwissenschaften},
year = {2012},
volume = {99},
number = {5},
pages = {379--389},
month = apr
}

@article{Goatley:2010ts,
author = {Goatley, Christoper H R and Bellwood, David R and Bellwood, Orpha},
title = {{Fishes on coral reefs: changing roles over the past 240 million years}},
journal = {Paleobiology},
year = {2010},
volume = {36},
number = {3},
pages = {415--427},
month = feb
}

@article{Near:2012ij,
author = {Near, Thomas J and Dornburg, Alex and Kuhn, Kristen L and Eastman, Joseph T and Pennington, Jillian N and Patarnello, Tomaso and Zane, Lorenzo and Fern{\'a}ndez, Daniel A and Jones, Christopher D},
title = {{Ancient climate change, antifreeze, and the evolutionary diversification of Antarctic fishes}},
journal = {Proc. Natl. Acad. Sci. USA},
year = {2012},
volume = {109},
number = {9},
pages = {3434--3439},
month = feb
}

@article{Wappler:2009ct,
author = {Wappler, T and Currano, E D and Wilf, P and Rust, J and Labandeira, C C},
title = {{No post-Cretaceous ecosystem depression in European forests? Rich insect-feeding damage on diverse middle Palaeocene plants, Menat, France}},
journal = {Proc. R. Soc. B},
year = {2009},
volume = {276},
number = {1677},
pages = {4271--4277},
month = nov
}

@article{Carnevale:2004gb,
author = {Carnevale, Giorgio},
title = {{The first fossil ribbonfish (Teleostei, Lampridiformes, Trachipteridae)}},
journal = {Geological Magazine},
year = {2004},
volume = {141},
number = {5},
pages = {573--582}
}

@article{Chen:1999uv,
author = {Chen, Ping-Fu and Liu, Huan-Zhang and Yan, Ji-Xing},
title = {{Discovery of fossil \emph{Coreoperca} (Perciformes) in China}},
journal = {Vertebrata PalAsica},
year = {1999},
volume = {37},
pages = {212--227},
month = nov
}

@techreport{Yabumoto:2009ws,
author = {Yabumoto, Yoshitaka},
title = {{Ikiculter chojabaruensis, a new genus and species of cyprinid fish from the Miocene of Iki Island, Nagasaki, Japan}},
year = {2009},
month = feb
}

@article{Nolf:2006un,
author = {Nolf, Dirk and Rana, Rajendra Singh and Singh, Hukam},
title = {{Fish otoliths from the Ypresian (early Eocene) of Vastan, Gujarat, India}},
journal = {Bulletin de l'Institut Royal des Sciences Naturelles de Belgique, Sciences de la Terre},
year = {2006},
volume = {76},
pages = {105--118},
month = mar
}

@article{Cione:2007vn,
author = {Cione, Alberto L and B{\'a}ez, Ana M},
title = {{Peces continentales y anfibios cenozoicos de Argentina: los {\'u}ltimos cincuenta a{\~n}os}},
journal = {Ameghiniana},
year = {2007},
volume = {Publicaci{\'o}n Especial 11},
pages = {195--220},
month = dec
}

@article{Smith:2007wc,
author = {Smith, Wm Leo and Craig, Matthew T},
title = {{Casting the percomorph net widely: the importance of broad taxonomic sampling in the search for the placement of serranid and percid fishes}},
journal = {Copeia},
year = {2007},
volume = {2007},
number = {1},
pages = {35--55},
month = feb
}

@article{Smith:2006jo,
author = {Smith, Wm Leo and Wheeler, Ward C},
title = {{Venom evolution widespread in fishes: a phylogenetic road map for the bioprospecting of piscine venoms}},
journal = {J. Hered.},
year = {2006},
volume = {97},
number = {3},
pages = {206--217},
month = feb
}

@article{Carney:2000wn,
author = {Carney, Joseph P and Dick, Terry A},
title = {{The historical ecology of yellow perch (\emph{Perca flavenscens} [Mitchill]) and their parasites}},
journal = {Journal of Biogeography},
year = {2000},
volume = {27},
pages = {1337--1347}
}

@article{Parenti:1981ua,
author = {Parenti, Lynne R},
title = {{A phylogenetic and biogeographic analysis of cyprinodontiform fishes (Teleostei, Atherinomorpha)}},
journal = {Bulletin of the American Museum of Natural History},
year = {1981},
volume = {168},
number = {4},
pages = {335--557},
month = oct
}

@incollection{LopezFernandez:2011um,
author = {L{\'o}pez-Fern{\'a}ndez, Hern{\'a}n and Albert, James S},
title = {{Paleogene radiations}},
booktitle = {Historical Biogeography of Neotropical Freshwater Fishes},
year = {2011},
editor = {Albert, James S and Reis, Roberto E},
pages = {105--118},
publisher = {University of California Press},
address = {London, United Kingdom},
month = oct
}

@article{Hernandez:2005dn,
author = {Hern{\'a}ndez, R M and Jordan, T E and Dalenz Farjat, A and Echavarr{\'\i}a, L and Idleman, B D and Reynolds, J H},
title = {{Age, distribution, tectonics, and eustatic controls of the Paranense and Caribbean marine transgressions in southern Bolivia and Argentina}},
journal = {J. South Am. Earth Sci.},
year = {2005},
volume = {19},
number = {4},
pages = {495--512},
month = sep
}

@article{Hrbek:2003wz,
author = {Hrbek, T and Meyer, A},
title = {{Closing of the Tethys Sea and the phylogeny of Eurasian killifishes (Cyprinodontiformes: Cyprinodontidae).}},
journal = {J. Evol. Biol.},
year = {2003},
volume = {16},
number = {1},
pages = {17--36},
month = jan
}

@article{Heled:2011ef,
author = {Heled, Joseph and Drummond, Alexei J},
title = {{Calibrated tree priors for relaxed phylogenetics and divergence time estimation}},
journal = {Syst. Biol.},
year = {2012},
volume = {61},
number = {1},
pages = {138--149}
}

@article{Kawahara:2008tm,
author = {Kawahara, Ryouka and Miya, Masaki and Mabuchi, Kohji and Lavou{\'e}, S{\'e}bastien and Inoue, Jun G and Satoh, Takashi P and Kawaguchi, Akira and Nishida, Mutsumi},
title = {{Interrelationships of the 11 gasterosteiform families (sticklebacks, pipefishes, and their relatives): A new perspective based on whole mitogenome sequences from 75 higher teleosts}},
journal = {Mol. Phylogenet. Evol.},
year = {2008},
volume = {46},
number = {1},
pages = {224--236}
}

@article{Bellwood:1996wj,
author = {Bellwood, D R},
title = {{The Eocene fishes of Monte Bolca: the earliest coral reef fish assemblage}},
journal = {Coral Reefs},
year = {1996},
volume = {15},
number = {1},
pages = {11--19},
month = oct
}

@article{Harzhauser:2004vm,
author = {Harzhauser, Mathias and Piller, Werner E},
title = {{Integrated stratigraphy of the Sarmatian (Upper Middle Miocene) in the western Central Paratethys}},
journal = {Stratigraphy},
year = {2004},
volume = {1},
number = {1},
pages = {65--86},
month = jun
}

@article{Skutschas:2011jb,
author = {Skutschas, Pavel and Gubin, Yuri},
title = {{A new salamander from the late Paleocene--early Eocene of Ukraine}},
journal = {Acta Palaeontol Pol},
year = {2011},
pages = {in press}
}

@article{Standke:2005tb,
author = {Standke, Gerda and Blumenstengel, Horst and von B{\"u}low, Werner},
title = {{Das Terti{\"a}r Ostdeutschlands in der Stratigraphischen Tabelle von Deutschland 2002}},
journal = {Newsl Stratigr},
year = {2005},
volume = {41},
number = {1-3},
pages = {323--338},
month = oct
}

@article{Bannikov:2006tb,
author = {Bannikov, Alexandre F},
title = {{Fishes from the Eocene of Bolca, northern Italy, previously classified in the Sparidae, Serranidae, and Haemulidae}},
journal = {Geodiversitas},
year = {2006},
volume = {28},
number = {2},
pages = {249--275},
month = jun
}

@article{Prokofiev:2009vw,
author = {Prokofiev, A M},
title = {{Systematics of Oligocene percoids classified as "\emph{Serranus budensis}", with the description of new taxa (in Russian)}},
journal = {Current Problems of Modern Science},
year = {2009},
volume = {2},
pages = {199--222},
month = oct
}

@article{Mlikovsky:1996ug,
author = {Ml{\'\i}kovsk{\'y}, J},
title = {{Tertiary avian localities of the United Kingdom}},
journal = {Acta U Carol Geol},
year = {1996},
volume = {39},
pages = {759--771},
month = oct
}

@article{Schwarzhans:2011by,
author = {Schwarzhans, Werner and Bratishko, Andriy},
title = {{The otoliths from the middle Paleocene of Luzanivka (Cherkasy district, Ukraine)}},
journal = {N Jb Geol Pal A},
year = {2011},
volume = {261},
number = {1},
pages = {83--110},
month = jul
}

@article{Tyler:2009fe,
author = {Tyler, James C and Bannikov, Alexandre F},
title = {{Phylogenetic implications of the some cranial features of the porcupine pufferfish \emph{Pshekhadiodon} (Tetraodontiformes, Diodontidae) from the Eocene of the Northern Caucasus}},
journal = {J. Ichthyol.},
year = {2009},
volume = {49},
number = {9},
pages = {703--709},
month = dec
}

@article{Bannikov:2008cv,
author = {Bannikov, A F and Tyler, J C},
title = {{A new genus and species of triggerfish from the Middle Eocene of the Northern Caucasus, the earliest member of the Balistidae (Tetraodontiformes)}},
journal = {Paleontol J},
year = {2008},
volume = {42},
number = {6},
pages = {615--620},
month = nov
}

@article{Tyler:1992vl,
author = {Tyler, James C and Bannikov, Alexandre F},
title = {{New genus of primitive ocean sunfish with separate premaxillae from the Eocene of Southwest Russia (Molidae, Tetraodontiformes)}},
journal = {Copeia},
year = {1992},
volume = {1992},
number = {4},
pages = {1014--1023},
month = apr
}

@article{Tyler:1997wq,
author = {Tyler, James C and Bannikov, Alexandre F},
title = {{Relationships of the fossil and recent genera of rabbitfishes (Acanthuroidei: Siganidae)}},
journal = {Sm C Paleob},
year = {1997},
volume = {84},
pages = {1--44},
month = nov
}

@article{Sorbini:2004va,
author = {Sorbini, Chiara and Tyler, James C},
title = {{Review of the fossil file fishes of the family Monacathidae (Tetraodontiformes), Pliocene and Pleistocene of Europe, with a new genus, \emph{Frigocanthus}, and two new species related to the recent \emph{Aluterus}.}},
journal = {Bollettino del Museo Civico di Storia Naturale di Verona, (Geologia, Paleontologia e Preistoria)},
year = {2004},
volume = {28},
pages = {41--76},
month = oct
}

@article{McCormack:2010jc,
author = {McCormack, John E and Heled, Joseph and Delaney, Kathleen S and Peterson, A Townsend and Knowles, L Lacey},
title = {{Calibrating divergence times on species trees versus gene trees: implications for speciation history of \emph{Aphelocoma} jays}},
journal = {Evolution},
year = {2011},
volume = {65},
number = {1},
pages = {184--202}
}

@article{Dica:2002uv,
author = {Dica, Emanuel Paul},
title = {{A review of the Eocene Diodontids and Labrids from Transylvania}},
journal = {Studia Universitatis Babes-Bolyai, Geologia},
year = {2002},
volume = {XLVII},
number = {2},
pages = {37--46},
month = jan
}

@article{Yamanoue:2011fn,
author = {Yamanoue, Yusuke and Miya, Masaki and Doi, Hiroyuki and Mabuchi, Kohji and Sakai, Harumi and Nishida, Mutsumi},
title = {{Multiple invasions into freshwater by pufferfishes (Teleostei: Tetraodontidae): A mitogenomic perspective}},
journal = {PLOS ONE},
year = {2011},
volume = {6},
number = {2},
pages = {e17410},
month = feb
}

@article{Friedman:2009jl,
author = {Friedman, Matt},
title = {{Ecomorphological selectivity among marine teleost fishes during the end-Cretaceous extinction.}},
journal = {Proc. Natl. Acad. Sci. USA},
year = {2009},
volume = {106},
number = {13},
pages = {5218--5223},
month = mar
}

@article{Schultz:2004wz,
author = {Schultz, Ortwin and Bellwood, David R},
title = {{Trigonodon oweni and Asima jugleri are different parts of the same species Trigonodon jugleri, a Chiseltooth Wrasse from the Lower and Middle Miocene in Central Europe (Osteichthyes, Labridae, Trigonodontinae)}},
journal = {Annalen des naturhistorischen Museums in Wien},
year = {2004},
volume = {105A},
pages = {287--305},
month = mar
}

@article{Huddleston:2006vf,
author = {Huddleston, Richard W and Takeuchi, Gary T},
title = {{A new Late Miocene species of sciaenid fish, based primarily on an in situ otolith from California}},
journal = {Bulletin of the Southern Califormia Academy of Sciences},
year = {2006},
volume = {105},
number = {1},
pages = {1--13},
month = feb
}

@article{Kirchberger:2012db,
author = {Kirchberger, Paul C and Sefc, Kristina M and Sturmbauer, Christian and Koblm{\"u}ller, Stephan},
title = {{Evolutionary history of Lake Tanganyika's predatory deepwater cichlids}},
journal = {International Journal of Evolutionary Biology},
year = {2012},
volume = {2012},
number = {1459},
pages = {1--10}
}

@article{Koblmuller:2005hu,
author = {Koblm{\"u}ller, Stephan and Duftner, Nina and Katongo, Cyprian and Phiri, Harris and Sturmbauer, Christian},
title = {{Ancient divergence in bathypelagic Lake Tanganyika deepwater cichlids: mitochondrial phylogeny of the tribe Bathybatini}},
journal = {J. Mol. Evol.},
year = {2005},
volume = {60},
number = {3},
pages = {297--314},
month = mar
}

@article{Jarvis:2014hj,
author = {Jarvis, Erich D and Mirarab, Siavash and Aberer, Andre J and Li, Bo and Houde, Peter and Li, Cai and Ho, Simon Y W and Faircloth, Brant C and Nabholz, Benoit and Howard, Jason T and Suh, Alexander and Weber, Claudia C and da Fonseca, Rute R and Li, Jianwen and Zhang, Fang and Li, Hui and Zhou, Long and Narula, Nitish and Liu, Liang and Ganapathy, Ganesh and Boussau, Bastien and Bayzid, Md Shamsuzzoha and Zavidovych, Volodymyr and Subramanian, Sankar and Gabald{\'o}n, Toni and Capella-Guti{\'e}rrez, Salvador and Huerta-Cepas, Jaime and Rekepalli, Bhanu and Munch, Kasper and Schierup, Mikkel and Lindow, Bent and Warren, Wesley C and Ray, David and Green, Richard E and Bruford, Michael W and Zhan, Xiangjiang and Dixon, Andrew and Li, Shengbin and Li, Ning and Huang, Yinhua and Derryberry, Elizabeth P and Bertelsen, Mads Frost and Sheldon, Frederick H and Brumfield, Robb T and Mello, Claudio V and Lovell, Peter V and Wirthlin, Morgan and Schneider, Maria Paula Cruz and Prosdocimi, Francisco and Samaniego, Jos{\'e} Alfredo and Vargas Velazquez, Amhed Missael and Alfaro-N{\'u}{\~n}ez, Alonzo and Campos, Paula F and Petersen, Bent and Sicheritz-Ponten, Thomas and Pas, An and Bailey, Tom and Scofield, Paul and Bunce, Michael and Lambert, David M and Zhou, Qi and Perelman, Polina and Driskell, Amy C and Shapiro, Beth and Xiong, Zijun and Zeng, Yongli and Liu, Shiping and Li, Zhenyu and Liu, Binghang and Wu, Kui and Xiao, Jin and Yinqi, Xiong and Zheng, Qiuemei and Zhang, Yong and Yang, Huanming and Wang, Jian and Smeds, Linn{\'e}a and Rheindt, Frank E and Braun, Michael and Fjeldsa, Jon and Orlando, Ludovic and Barker, F Keith and J{\o}nsson, Knud Andreas and Johnson, Warren and Koepfli, Klaus-Peter and O'Brien, Stephen and Haussler, David and Ryder, Oliver A and Rahbek, Carsten and Willerslev, Eske and Graves, Gary R and Glenn, Travis C and McCormack, John and Burt, Dave and Ellegren, Hans and Alstr{\"o}m, Per and Edwards, Scott V and Stamatakis, Alexandros and Mindell, David P and Cracraft, Joel and Braun, Edward L and Warnow, Tandy and Jun, Wang and Gilbert, M Thomas P and Zhang, Guojie},
title = {{Whole-genome analyses resolve early branches in the tree of life of modern birds}},
journal = {Science},
year = {2014},
volume = {346},
number = {6215},
pages = {1320--1331},
month = dec
}

@article{Silvestro:2013um,
author = {Silvestro, Daniele and Schnitzler, Jan and Liow, Lee Hsiang and Antonelli, Alexandre and Salamin, Nicolas},
title = {{Bayesian estimation of speciation and extinction from incomplete fossil occurrence data}},
journal = {Syst. Biol.},
year = {2014},
volume = {63},
number = {3},
pages = {349--367}
}

@article{Cowman:2009bw,
author = {Cowman, Peter F and Bellwood, David R and Herwerden, Lynne van},
title = {{Dating the evolutionary origins of wrasse lineages (Labridae) and the rise of trophic novelty on coral reefs}},
journal = {Mol. Phylogenet. Evol.},
year = {2009},
volume = {52},
number = {3},
pages = {621--631},
month = sep
}

@article{Schwarzer:2009wu,
author = {Schwarzer, Julia and Misof, Bernhard and Tautz, Diethard and Schliewen, Ulrich K},
title = {{The root of the East African cichlid radiations}},
journal = {BMC Evol. Biol.},
year = {2009},
volume = {9},
pages = {186},
month = sep
}

@article{Heine:2013ig,
author = {Heine, C and Zoethout, J and M{\"u}ller, R D},
title = {{Kinematics of the South Atlantic rift}},
journal = {Solid Earth},
year = {2013},
volume = {4},
number = {2},
pages = {215--253}
}

@article{Genner:2007hv,
author = {Genner, Martin J and Seehausen, O and Lunt, D H and Joyce, D A and Shaw, P W and Carvalho, G R and Turner, G F},
title = {{Age of cichlids: new dates for ancient lake fish radiations}},
journal = {Mol. Biol. Evol.},
year = {2007},
volume = {24},
number = {5},
pages = {1269--1282},
month = feb
}

@article{Benton:2007jx,
author = {Benton, Michael and Donoghue, Philip},
title = {{Paleontological evidence to date the tree of life}},
journal = {Mol. Biol. Evol.},
year = {2007},
volume = {24},
number = {1},
pages = {26--53}
}

@article{Baciu:2005up,
author = {Baciu, D-S and Bannikov, Alexandre F and Tyler, James C},
title = {{Revision of the fossil fishes of the family Caproidae (Acanthomorpha)}},
journal = {Miscellanea Paleontologica, Studi e Ricerche sui Giacimenti Terziari di Bolca},
year = {2005},
volume = {11},
month = feb
}

@article{Baciu:2005wc,
author = {Baciu, Dorin-Sorin and Bannikov, Alexandre F and Santini, Francesco},
title = {{A new species of Caproidae (Acanthomorpha, Teleostei) from the Messinian (upper Miocene) of Oran (Algeria)}},
journal = {Geodiversitas},
year = {2005},
volume = {27},
number = {3},
pages = {381--390},
month = aug
}

@article{Swidnicki:1986wi,
author = {Swidnicki, Jacek},
title = {{Oligocene Zeiformes (Teleostei) from the Polish Carpathians}},
journal = {Acta Palaeontol Pol},
year = {1986},
volume = {31},
number = {1-2},
pages = {111--135},
month = apr
}

@article{Holcroft:2008vt,
author = {Holcroft, Nancy I and Wiley, E O},
title = {{Acanthuroid relationships revisited: a new nuclear-based analysis that incorporates tetraodontiform representatives}},
journal = {Ichthyol. Res.},
year = {2008},
volume = {55},
pages = {274--283},
month = jul
}

@article{Martini:2007wz,
author = {Martini, Erlend and Reichenbacher, Bettina},
title = {{Nannoplankton und Fisch-Otolithen in den Mittleren Pechelbronn-Schichten (Unter-Oligoz{\"a}n, Oberrheingraben/Mainzer Becken)}},
journal = {Geologische Abhandlungen Hessen},
year = {2007},
pages = {1--40},
month = nov
}

@article{Pietsch:2011hu,
author = {Pietsch, Theodore W and Carnevale, Giorgio},
title = {{A new genus and species of anglerfish (Teleostei: Lophiiformes: Lophiidae) from the Eocene of Monte Bolca, Italy}},
journal = {Copeia},
year = {2011},
volume = {2011},
number = {1},
pages = {64--71},
month = mar
}

@article{Carnevale:2012da,
author = {Carnevale, Giorgio and Pietsch, Theodore W},
title = {{†\emph{Caruso}, a new genus of anglerfishes from the Eocene of Monte Bolca, Italy, with a comparative osteology and phylogeny of the teleost family Lophiidae}},
journal = {J. Syst. Palaeontol.},
year = {2012},
volume = {10},
number = {1},
pages = {47--72},
month = mar
}

@article{Carnevale:2011gc,
author = {Carnevale, Giorgio and Pietsch, Theodore W},
title = {{Batfishes from the Eocene of Monte Bolca}},
journal = {Geological Magazine},
year = {2011},
volume = {148},
number = {03},
pages = {461--472},
month = nov
}

@article{Tyler:1970wr,
author = {Tyler, James C},
title = {{Osteological aspects of interrelationships of surgeon fish genera (Acanthuridae)}},
journal = {Proceedings of the Academy of Natural Sciences of Philadelphia},
year = {1970},
volume = {122},
number = {2},
pages = {87--124},
month = feb
}

@article{Barron:2002wn,
author = {Barron, John A and Lyle, Mitchell and Koizumi, Itaru},
title = {{Late Miocene and Early Pliocene biosiliceous sedimentation along the California Margin}},
journal = {Rev Mex Cienc Geol},
year = {2002},
volume = {19},
number = {3},
pages = {161--169},
month = mar
}

@article{Stiassny:1980js,
author = {Stiassny, M L J},
title = {{The phyletic status of the family Cichlidae (Pisces, Perciformes): a comparative anatomical investigation}},
journal = {Netherlands Journal of Zoology},
year = {1980},
volume = {31},
number = {2},
pages = {275--314},
month = jan
}

@article{Drummond:2006uc,
author = {Drummond, Alexei J and Ho, Simon Y W and Philips, Matthew J and Rambaut, Andrew},
title = {{Relaxed phylogenetics and dating with confidence}},
journal = {PLOS Biol.},
year = {2006},
volume = {4},
number = {5},
pages = {e88},
month = may
}

@article{Tyler:1991th,
author = {Tyler, James C and Patterson, Colin},
title = {{The skull of the Eocene Triodon antiquus (Triodontidae, Tetraodontiformes): similar to that of the recent threetooth pufferfish T. macropterus}},
journal = {Proceedings of the Biological Society of Washington},
year = {1991},
volume = {104},
number = {4},
pages = {878--891},
month = feb
}

@incollection{Ruber:2009vp,
author = {R{\"u}ber, Lukas},
title = {{Labyrinth fishes (Anabantoidei)}},
booktitle = {The Timetree of Life},
year = {2009},
editor = {Hedges, S Blair and Kumar, Sudhir},
pages = {344--347},
publisher = {Oxford University Press},
address = {Oxford, UK},
month = dec
}

@article{Gingerich:2003tg,
author = {Gingerich, Philip D},
title = {{Stratigraphic and micropaleontological constraints on the middle Eocene age of the mammal-bearing Kuldana Formation of Pakistan}},
journal = {J. Vert. Paleontol.},
year = {2003},
volume = {23},
number = {3},
pages = {643--651},
month = feb
}

@article{Roe:1991wg,
author = {Roe, Lois J},
title = {{Phylogenetic and ecologial significance of Channidae (Osteichthyes, Teleostei) from the Early Eocene Kuldana Formation of Kohat, Pakistan}},
journal = {Contributions from the Museum of Paleontology},
year = {1991},
volume = {28},
number = {5},
pages = {93--100},
month = feb
}

@article{Albright:1994tp,
author = {Albright, L Barry},
title = {{Lower vertebrates from an Arikareean (Earliest Miocene) fauna near the Toledo Bend Dam, Newton County, Texas}},
journal = {J. Paleont.},
year = {1994},
volume = {68},
number = {5},
pages = {1131--1145},
month = feb
}

@article{Nazarkin:2002vt,
author = {Nazarkin, M V},
title = {{Gunnels (Perciformes, Pholidae) from the Miocene of Sakhaline Island}},
journal = {J. Ichthyol.},
year = {2002},
volume = {42},
number = {4},
pages = {279--288}
}

@article{Chanet:1994um,
author = {Chanet, Bruno and Schultz, Ortwin},
title = {{Pleuronectiform fishes from the Upper Badenian (Middle Miocene) of St. Margarethen (Austria)}},
journal = {Annalen des naturhistorischen Museums in Wien},
year = {1994},
volume = {96A},
pages = {95--115},
month = dec
}

@article{Forest:2009wv,
author = {Forest, F{\'e}lix},
title = {{Calibrating the Tree of Life: fossils, molecules and evolutionary timescales}},
journal = {Ann. Bot.},
year = {2009},
volume = {104},
pages = {789--794},
month = sep
}

@article{Meyer:2015kj,
author = {Meyer, Britta S and Matschiner, Michael and Salzburger, Walter},
title = {{A tribal level phylogeny of Lake Tanganyika cichlid fishes based on a genomic multi-marker approach}},
journal = {Mol. Phylogenet. Evol.},
year = {2015},
volume = {83},
pages = {56--71}
}

@article{Nolf:2008uz,
author = {Nolf, Dirk and Rana, Rajendra Singh and Prasad, Guntupalli V R},
title = {{Late Cretaceous (Maastrichtian) fish otoliths from the Deccan Intertrappean Beds, India: a revision}},
journal = {Bulletin de l'Institut Royal des Sciences Naturelles de Belgique, Sciences de la Terre},
year = {2008},
volume = {78},
pages = {239--259},
month = sep
}

@article{Tarp:1952vo,
author = {Tarp, Fred Harald},
title = {{A revision of the family Embiotocidae (the surfperches)}},
journal = {Fish Bulletin},
year = {1952},
volume = {88},
pages = {99}
}

@article{Lepage:2007ts,
author = {Lepage, Thomas and Bryant, David and Philippe, Herv{\'e} and Lartillot, Nicolas},
title = {{A general comparison of relaxed molecular clock models}},
journal = {Mol. Biol. Evol.},
year = {2007},
volume = {24},
number = {12},
pages = {2669--2680},
month = dec
}

@article{Smith:2009io,
author = {Smith, Gavin J D and Vijaykrishna, Dhanasekaran and Bahl, Justin and Lycett, Samantha J and Worobey, Michael and Pybus, Oliver G and Ma, Siu Kit and Cheung, Chung Lam and Raghwani, Jayna and Bhatt, Samir and Peiris, J S Malik and Guan, Yi and Rambaut, Andrew},
title = {{Origins and evolutionary genomics of the 2009 swine-origin H1N1 influenza A epidemic}},
journal = {Nature},
year = {2009},
volume = {459},
number = {7250},
pages = {1122--1125},
month = jun
}

@article{Gernhard:2008jy,
author = {Gernhard, Tanja},
title = {{The conditioned reconstructed process}},
journal = {J. Theor. Biol.},
year = {2008},
volume = {253},
number = {4},
pages = {769--778},
month = jul
}

@article{Last:2002wh,
author = {Last, P R and Balushkin, Arcady V and Hutchins, J B},
title = {{\emph{Halaphritis platycephala} (Notothenioidei: Bovichtidae): A new genus and species of temperate icefish from Southeastern Australia}},
journal = {Copeia},
year = {2002},
volume = {2002},
number = {2},
pages = {433--440}
}

@article{Claramunt:2015bb,
author = {Claramunt, Santiago and Cracraft, Joel},
title = {{A new time tree reveals Earth history's imprint on the evolution of modern birds}},
journal = {Sci. Adv.},
year = {2015},
volume = {1},
pages = {e1501005},
month = dec
}

@article{Arcila:2015hm,
author = {Arcila, Dahiana and Pyron, R Alexander and Tyler, James C and Ort{\'\i}, Guillermo and Betancur-R, Ricardo},
title = {{An evaluation of fossil tip-dating versus node-age calibrations in tetraodontiform fishes (Teleostei: Percomorphaceae) }},
journal = {Mol. Phylogenet. Evol.},
year = {2015},
volume = {82},
number = {PA},
pages = {131--145},
month = jan
}

@article{Alfaro:2009ve,
author = {Alfaro, Michael E and Brock, Chad D and Banbury, Barbara L and Wainwright, Peter C},
title = {{Does evolutionary innovation in pharyngeal jaws lead to rapid lineage diversification in labrid fishes?}},
journal = {BMC Evol. Biol.},
year = {2009},
volume = {9},
pages = {255}
}

@article{Bellwood:1991tm,
author = {Bellwood, David R and Schultz, Ortwin},
title = {{A review of the fossil record of the parrotfishes (Labroidei: Scaridae) with a description of a new Calotomus species from the Middle Miocene (Badenian) of Austria}},
journal = {Annalen des naturhistorischen Museums in Wien},
year = {1991},
volume = {92},
pages = {A55--71}
}

@article{Balushkin:2000wr,
author = {Balushkin, Arcady V},
title = {{Morphology, classification, and evolution of notothenioid fishes of the Southern Ocean (Notothenioidei, Perciformes)}},
journal = {J. Ichthyol.},
year = {2000},
volume = {40},
pages = {S74--S109}
}

@article{Dettai:2005hr,
author = {Detta{\"\i}, Agn{\`e}s and Lecointre, Guillaume},
title = {{Further support for the clades obtained by multiple molecular phylogenies in the acanthomorph bush}},
journal = {C R Biol},
year = {2005},
volume = {328},
pages = {674--689},
month = jun
}

@article{Li:2009hm,
author = {Li, Blaise and Detta{\"\i}, Agn{\`e}s and Cruaud, Corinne and Couloux, Arnaud and Desoutter-Meniger, Martine and Lecointre, Guillaume},
title = {{RNF213, a new nuclear marker for acanthomorph phylogeny}},
journal = {Mol. Phylogenet. Evol.},
year = {2009},
volume = {50},
number = {2},
pages = {345--363},
month = feb
}

@incollection{Stepien:1997ub,
author = {Stepien, Carol A and Dillon, A K and Brooks, Meriel J and Chase, Kristen L and Hubers, Allyson N},
title = {{The evolution of blennioid fishes based on an analysis of mitochondrial 12S rDNA}},
booktitle = {The molecular systematics of fishes (Eds. T. D. Kocher and C. A. Stepien)},
year = {1997},
editor = {Kocher, Thomas D and Stepien, Carol A},
pages = {245--270},
publisher = {C.A. Academic Press},
address = {New York}
}

@article{Vasiliev:2010gm,
author = {Vasiliev, Iuliana and de Leeuw, Arjan and Filipescu, Sorin and Krijgsman, Wout and Kuiper, Klaudia and Stoica, Marius and Briceag, Andrei},
title = {{The age of the Sarmatian--Pannonian transition in the Transylvanian Basin (Central Paratethys)}},
journal = {Palaeogeogr Palaeocl},
year = {2010},
volume = {297},
number = {1},
pages = {54--69},
month = aug
}

@article{Costa:2012tf,
author = {Costa, Wilson J E M},
title = {{The caudal skeleton of extant and fossil cyprinodontiform fishes (Teleostei: Atherinomorpha): comparative morphology and delimitation of phylogenetic characters}},
journal = {Vertebr. Zool.},
year = {2012},
volume = {62},
number = {2},
pages = {161--180},
month = feb
}

@article{Bapst:2012hg,
author = {Bapst, David W},
title = {{paleotree: an R package for paleontological and phylogenetic analyses of evolution}},
journal = {Method Ecol. Evol.},
year = {2012},
volume = {3},
number = {5},
pages = {803--807},
month = jun
}

@article{Yagishita:2009gg,
author = {Yagishita, Naoki and Miya, Masaki and Yamanoue, Yusuke and Shirai, Shigeru M and Nakayama, Kouji and Suzuki, Nobuaki and Satoh, Takashi P and Mabuchi, Kohji and Nishida, Mutsumi and Nakabo, Tetsuji},
title = {{Mitogenomic evaluation of the unique facial nerve pattern as a phylogenetic marker within the percifom fishes (Teleostei: Percomorpha)}},
journal = {Mol. Phylogenet. Evol.},
year = {2009},
volume = {53},
number = {1},
pages = {258--266},
month = oct
}

@article{Stamatakis:2008tv,
author = {Stamatakis, Alexandros and Hoover, Paul and Rougemont, Jacques},
title = {{A rapid bootstrap algorithm for the RAxML web servers}},
journal = {Syst. Biol.},
year = {2008},
volume = {57},
number = {5},
pages = {758--771},
month = oct
}

@article{Colombo:2015kv,
author = {Colombo, M and Damerau, M and Hanel, R and Salzburger, W and Matschiner, M},
title = {{Diversity and disparity through time in the adaptive radiation of Antarctic notothenioid fishes}},
journal = {J. Evol. Biol.},
year = {2015},
volume = {28},
number = {2},
pages = {376--394},
month = feb
}

@article{Renne:2013jj,
author = {Renne, Paul R and Deino, Alan L and Hilgen, Frederik J and Kuiper, Klaudia F and Mark, Darren F and Mitchell, William S and Morgan, Leah E and Mundil, Roland and Smit, Jan},
title = {{Time scales of critical events around the Cretaceous-Paleogene boundary}},
journal = {Science},
year = {2013},
volume = {339},
pages = {684--687},
month = feb
}

@article{Sarich:1967tt,
author = {Sarich, V M and Wilson, A C},
title = {{Immunological time scale for hominid evolution}},
journal = {Science},
year = {1967},
volume = {158},
number = {3805},
pages = {1200--1203}
}

@article{Gavryushkina:2014dx,
author = {Gavryushkina, Alexandra and Welch, David and Stadler, Tanja and Drummond, Alexei J},
title = {{Bayesian inference of sampled ancestor trees for epidemiology and fossil calibration}},
journal = {PLOS Comput. Biol.},
year = {2014},
volume = {10},
number = {12},
pages = {e1003919},
month = dec
}

@article{Lussen:2003kt,
author = {L{\"u}ssen, Arne and Falk, Thomas M and Villwock, Wolfgang},
title = {{Phylogenetic patterns in populations of Chilean species of the genus Orestias  (Teleostei: Cyprinodontidae): results of mitochondrial DNA analysis }},
journal = {Mol. Phylogenet. Evol.},
year = {2003},
volume = {29},
pages = {151--160},
month = sep
}

@article{Sawada:2002hc,
author = {Sawada, Yoshihiro and Pickford, Martin and Senut, Brigitte and Itaya, Tetsumaru and Hyodo, Masayuki and Miura, Tamaki and Kashine, Chikako and Chujo, Tadahiro and Fujii, Hirokazu},
title = {{The age of Orrorin tugenensis, an early hominid from the Tugen Hills, Kenya}},
journal = {C R Palevol},
year = {2002},
volume = {1},
number = {5},
pages = {293--303},
month = dec
}

@incollection{Zuckerkandl:1962vh,
author = {Zuckerkandl, Emile and Pauling, Linus},
title = {{Molecular disease, evolution, and genic heterogeneity}},
booktitle = {Horizons in Biochemistry},
year = {1962},
editor = {Kasha, M and Pullman, B},
pages = {189--225},
publisher = {Academic Press},
address = {New York}
}

@article{Wilson:1977wg,
author = {Wilson, Allan C and Carlson, Steven S and White, Thomas J},
title = {{Biochemical evolution}},
journal = {Annu. Rev. Biochem.},
year = {1977},
volume = {46},
pages = {573--639}
}

@article{Zihler:1981ug,
author = {Zihler, F},
title = {{Gross morphology and configuration of digestive tracts of Cichlidae (Teleostei, Perciformes): phylogenetic and functional, significance}},
journal = {Netherlands Journal of Zoology},
year = {1981},
volume = {32},
number = {4},
pages = {544--571}
}

@article{Drummond:2003iv,
author = {Drummond, Alexei J and Pybus, Oliver G and Rambaut, Andrew and Forsberg, Roald and Rodrigo, Allen G},
title = {{Measurably evolving populations}},
journal = {Trends Ecol. Evol.},
year = {2003},
volume = {18},
number = {9},
pages = {481--488},
month = sep
}

@article{Faria:2014ci,
author = {Faria, Nuno R and Rambaut, Andrew and Suchard, Marc A and Baele, Guy and Bedford, Trevor and Ward, Melissa J and Tatem, Andrew J and Sousa, Jo{\~a}o D and Arinaminpathy, Nimalan and P{\'e}pin, Jacques and Posada, David and Peeters, Martine and Pybus, Oliver G and Lemey, Philippe},
title = {{The early spread and epidemic ignition of HIV-1 in human populations}},
journal = {Science},
year = {2014},
volume = {346},
number = {6205},
pages = {56--61},
month = oct
}

@article{Misof:2014jv,
author = {Misof, Bernhard and Liu, Shanlin and Meusemann, Karen and Peters, Ralph S and Donath, Alexander and Mayer, Christoph and Frandsen, Paul B and Ware, Jessica and Flouri, Tom{\'a}{\v s} and Beutel, Rolf G and Niehuis, Oliver and Petersen, Malte and Izquierdo-Carrasco, Fernando and Wappler, Torsten and Rust, Jes and Aberer, Andre J and Asp{\"o}ck, Ulrike and Asp{\"o}ck, Horst and Bartel, Daniela and Blanke, Alexander and Berger, Simon and B{\"o}hm, Alexander and Buckley, Thomas R and Calcott, Brett and Chen, Junqing and Friedrich, Frank and Fukui, Makiko and Fujita, Mari and Greve, Carola and Grobe, Peter and Gu, Shengchang and Huang, Ying and Jermiin, Lars S and Kawahara, Akito Y and Krogmann, Lars and Kubiak, Martin and Lanfear, Robert and Letsch, Harald and Li, Yiyuan and Li, Zhenyu and Li, Jiguang and Lu, Haorong and Machida, Ryuichiro and Mashimo, Yuta and Kapli, Pashalia and McKenna, Duane D and Meng, Guanliang and Nakagaki, Yasutaka and Navarrete-Heredia, Jos{\'e} Luis and Ott, Michael and Ou, Yanxiang and Pass, G{\"u}nther and Podsiadlowski, Lars and Pohl, Hans and von Reumont, Bj{\"o}rn M and Sch{\"u}tte, Kai and Sekiya, Kaoru and Shimizu, Shota and Slipinski, Adam and Stamatakis, Alexandros and Song, Wenhui and Su, Xu and Szucsich, Nikolaus U and Tan, Meihua and Tan, Xuemei and Tang, Min and Tang, Jingbo and Timelthaler, Gerald and Tomizuka, Shigekazu and Trautwein, Michelle and Tong, Xiaoli and Uchifune, Toshiki and Walzl, Manfred G and Wiegmann, Brian M and Wilbrandt, Jeanne and Wipfler, Benjamin and Wong, Thomas K F and Wu, Qiong and Wu, Gengxiong and Xie, Yinlong and Yang, Shenzhou and Yang, Qing and Yeates, David K and Yoshizawa, Kazunori and Zhang, Qing and Zhang, Rui and Zhang, Wenwei and Zhang, Yunhui and Zhao, Jing and Zhou, Chengran and Zhou, Lili and Ziesmann, Tanja and Zou, Shijie and Li, Yingrui and Xu, Xun and Zhang, Yong and Yang, Huanming and Wang, Jian and Wang, Jun and Kjer, Karl M and Zhou, Xin},
title = {{Phylogenomics resolves the timing and pattern of insect evolution }},
journal = {Science},
year = {2014},
volume = {346},
number = {6210},
pages = {763--767},
month = nov
}

@article{Rabosky:2014ba,
author = {Rabosky, Daniel L},
title = {{Automatic detection of key innovations, rate shifts, and diversity-dependence on phylogenetic trees}},
journal = {PLOS ONE},
year = {2014},
volume = {9},
number = {2},
pages = {e89543},
month = feb
}

@article{Stadler:2013dc,
author = {Stadler, Tanja and Bokma, F},
title = {{Estimating speciation and extinction rates for phylogenies of higher taxa}},
journal = {Syst. Biol.},
year = {2013},
volume = {62},
number = {2},
pages = {220--230},
month = feb
}

@article{Dunz:2013hb,
author = {Dunz, Andreas R and Schliewen, Ulrich K},
title = {{Molecular phylogeny and revised classification of the haplotilapiine cichlid fishes formerly referred to as "\emph{Tilapia}"}},
journal = {Mol. Phylogenet. Evol.},
year = {2013},
volume = {68},
pages = {64--80},
month = jul
}

@article{Dunz:2012tm,
author = {Dunz, Andreas R and Vreven, Emmanuel and Schliewen, Ulrich K},
title = {{\emph{Congolapia}, a new cichlid genus from the central Congo basin (Perciformes: Cichlidae)}},
journal = {Ichthyological Exploration of Freshwaters},
year = {2012},
volume = {23},
pages = {155--179},
month = apr
}

@article{BetancurR:2013fd,
author = {Betancur-R, Ricardo and Broughton, Richard E and Wiley, E O and Carpenter, Kent E and L{\'o}pez, J Andr{\'e}s and Li, Chenhong and Holcroft, Nancy I and Arcila, Dahiana and Sanciangco, Millicent D and Cureton, James C and Zhang, Feifei and Buser, Thaddaeus and Campbell, Matthew A and Ballesteros, Jesus A and Roa-Varon, Adela and Willis, Stuart C and Borden, W Calvin and Rowley, Thaine and Reneau, Paulette C and Hough, Daniel J and Lu, Guoqing and Grande, Terry and Arratia, Glora and Ort{\'\i}, Guillermo},
title = {{The Tree of Life and a new classification of bony fishes}},
journal = {PLOS Currents: Tree of Life},
year = {2013},
pages = {1--45},
month = apr
}

@article{Eastman:1991wn,
author = {Eastman, Joseph T and Grande, Lance},
title = {{Late Eocene gadiform (Teleostei) skull from Seymour Island, Antarctic Peninsula}},
journal = {Antarct Sci},
year = {1991},
volume = {3},
number = {1},
pages = {87--95}
}

@article{Eastman:2005hu,
author = {Eastman, Joseph T},
title = {{The nature of the diversity of Antarctic fishes}},
journal = {Polar Biol},
year = {2005},
volume = {28},
number = {2},
pages = {93--107}
}

@article{Salzburger:2014bq,
author = {Salzburger, Walter and Van Bocxlaer, Bert and Cohen, Andrew S},
title = {{Ecology and evolution of the African Great Lakes and their faunas}},
journal = {Annu. Rev. Ecol. Evol. Syst.},
year = {2014},
volume = {45},
number = {1},
pages = {519--545},
month = nov
}

@article{Gire:2014fk,
author = {Gire, Stephen K and Goba, Augustine and Andersen, Kristian G and Sealfon, Rachel S G and Park, Daniel J and Kanneh, Lansana and Jalloh, Simbirie and Momoh, Mambu and Fullah, Mohamed and Dudas, Gytis and Wohl, Shirlee and Moses, Lina M and Yozwiak, Nathan L and Winnicki, Sarah and Matranga, Christian B and Malboeuf, Christine M and Qu, James and Gladden, Adrianne D and Schaffner, Stephen F and Yang, Xiao and Jiang, Pan-Pan and Nekoui, Mahan and Colubri, Andres and Coomber, Moinya Ruth and Fonnie, Mbalu and Moigboi, Alex and Gbakie, Michael and Kamara, Fatima K and Tucker, Veronica and Konuwa, Edwin and Saffa, Sidiki and Sellu, Josephine and Jalloh, Abdul Azziz and Kovoma, Alice and Koninga, James and Mustapha, Ibrahim and Kargbo, Kandeh and Foday, Momoh and Yillah, Mohamed and Kanneh, Franklyn and Robert, Willie and Massally, James L B and Chapman, Sin{\'e}ad B and Bochicchio, James and Murphy, Cheryl and Nusbaum, Chad and Young, Sarah and Birren, Bruce W and Grant, Donald S and Scheiffelin, John S and Lander, Eric S and Happi, Christian and Gevao, Sahr M and Gnirke, Andreas and Rambaut, Andrew and Garry, Robert F and Khan, S Humarr and Sabeti, Pardis C},
title = {{Genomic surveillance elucidates Ebola virus origin and transmission during the 2014 outbreak}},
journal = {Science},
year = {2014},
volume = {345},
number = {6202},
pages = {1369--1372},
month = sep
}

@article{Kosiol:2007gf,
author = {Kosiol, Carolin and Holmes, Ian and Goldman, Nick},
title = {{An empirical codon model for protein sequence evolution}},
journal = {Mol. Biol. Evol.},
year = {2007},
volume = {24},
number = {7},
pages = {1464--1479},
month = mar
}

@article{Zhang:2015kf,
author = {Zhang, Chi and Stadler, Tanja and Klopfstein, Seraina and Heath, Tracy A and Ronquist, Fredrik},
title = {{Total-evidence dating under the fossilized birth--death process}},
journal = {Syst. Biol.},
year = {2015},
volume = {Advance Access, doi: 10.1093/sysbio/syv080},
month = oct
}

@article{OReilly:2015ey,
author = {O'Reilly, Joseph E and dos Reis, Mario and Donoghue, Philip C J},
title = {{Dating tips for divergence-time estimation}},
journal = {Trends Genet.},
year = {2015},
volume = {31},
number = {11},
pages = {637--650},
month = nov
}

@article{Gavryushkina:2015ut,
author = {Gavryushkina, Alexandra and Heath, Tracy A and Ksepka, Daniel T and Stadler, Tanja and Welch, David and Drummond, Alexei J},
title = {{Bayesian total evidence dating reveals the recent crown radiation of penguins}},
journal = {arXiv preprint},
year = {2015},
pages = {1--65},
month = jun
}

@article{Vences:2001to,
author = {Vences, Miguel and Freyhof, J and Sonnenberg, R and Kosuch, J and Veith, M},
title = {{Reconciling fossils and molecules: Cenozoic divergence of cichlid fishes and the biogeography of Madagascar}},
journal = {Journal of Biogeography},
year = {2001},
volume = {28},
pages = {1091--1099},
month = nov
}

@article{Lepage:2006ga,
author = {Lepage, Thomas and Lawi, Stephan and Tupper, Paul and Bryant, David},
title = {{Continuous and tractable models for the variation of evolutionary rates}},
journal = {Math. Biosci.},
year = {2006},
volume = {199},
number = {2},
pages = {216--233},
month = feb
}

@article{Bromham:2003jr,
author = {Bromham, Lindell and Penny, David},
title = {{The modern molecular clock}},
journal = {Nat. Rev. Genet.},
year = {2003},
volume = {4},
number = {3},
pages = {216--224},
month = mar
}

@article{Cavin:2000vga,
author = {Cavin, Lionel and Jurkovsek, Bogdan and Kolar Jurkovsek, Tea},
title = {{Stratigraphic succession of the Upper Cretaceous fish assemblages of Kras (Slovenia)}},
journal = {Geologija},
year = {2000},
volume = {43},
number = {2},
pages = {165--195},
month = jul
}

@article{Kass:1995vb,
author = {Kass, Robert E and Raftery, Adrian E},
title = {{Bayes Factors}},
journal = {Journal of the American Statistical Association},
year = {1995},
volume = {90},
number = {430},
pages = {773--795}
}

@article{Schelly:2006vb,
author = {Schelly, Robert and Salzburger, Walter and Koblm{\"u}ller, Stephan and Duftner, Nina and Sturmbauer, Christian},
title = {{Phylogenetic relationships of the lamprologine cichlid genus \emph{Lepidiolamprologus} (Teleostei: Perciformes) based on mitochondrial and nuclear sequences, suggesting introgressive hybridization}},
journal = {Mol. Phylogenet. Evol.},
year = {2006},
volume = {38},
number = {2},
pages = {426--438}
}

@article{Murray:2001jb,
author = {Murray, Alison M},
title = {{The oldest fossil cichlids (Teleostei: Perciformes): indication of a 45 million-year-old species flock.}},
journal = {Proc. R. Soc. B},
year = {2001},
volume = {268},
number = {1468},
pages = {679--684},
month = apr
}

@article{Myers:1949wf,
author = {Myers, George S},
title = {{Salt-tolerance of fresh-water fish groups in relation to zoogeographical problems}},
journal = {Bijdragen tot de Dierkunde},
year = {1949},
volume = {28},
pages = {315--322}
}

@article{Miya:2007bv,
author = {Miya, Masaki and Holcroft, Nancy I and Satoh, Takashi P and Yamaguchi, Motoomi and Nishida, Mutsumi and Wiley, E O},
title = {{Mitochondrial genome and a nuclear gene indicate a novel phylogenetic position of deep-sea tube-eye fish (Stylephoridae)}},
journal = {Ichthyol. Res.},
year = {2007},
volume = {54},
number = {4},
pages = {323--332},
month = nov
}

@article{Maisey:2000vs,
author = {Maisey, John G},
title = {{Continental break up and the distribution of fishes of Western Gondwana during the Early Cretaceous}},
journal = {Cretaceous Res},
year = {2000},
volume = {21},
pages = {281--314},
month = sep
}

@article{Samant:2001up,
author = {Samant, Bandana and Bajpai, Sunil},
title = {{Fish otoliths from the subsurface Cambay Shale (Lower Eocene), Surat lignite field, Gujarat (India)}},
journal = {Current Science},
year = {2001},
volume = {81},
number = {7},
pages = {758--759}
}

@article{Mooi:1993wt,
author = {Mooi, Randall D},
title = {{Phylogeny of the Plesiopidae (Pisces: Perciformes) with evidence for the inclusion of the Acanthoclinidae}},
journal = {Bulletin of Marine Science},
year = {1993},
volume = {52},
number = {1},
pages = {284--326}
}

@article{Smith:2008wz,
author = {Smith, Wm Leo and Chakrabarty, Prosanta and Sparks, John S},
title = {{Phylogeny, taxonomy, and evolution of Neotropical cichlids (Teleostei: Cichlidae: Cichlinae)}},
journal = {Cladistics},
year = {2008},
volume = {24},
pages = {625--641},
month = sep
}

@article{Malabarba:2010te,
author = {Malabarba, Maria C and Malabarba, Luiz R and Del Papa, Cecilia},
title = {{\emph{Gymnogeophagus eocenicus}, n. sp (Perciformes: Cichlidae), an Eocene cichlid from the Lumbrera formation in Argentina}},
journal = {J. Vert. Paleontol.},
year = {2010},
volume = {30},
number = {2},
pages = {341--350},
month = may
}

@article{Hutchins:1982uy,
author = {Hutchins, J B and Kuiter, R H},
title = {{A new species of \emph{Acanthistius} (Pisces: Serranidae) from Eastern Australia}},
journal = {Records of the Western Australian Museum},
year = {1982},
volume = {10},
number = {2},
pages = {127--131}
}

@article{Carnevale:2008vw,
author = {Carnevale, Giorgio},
title = {{Middle Pleistocene gurnard (Teleostei, Triglidae) remains from the Crotone Basin, Southern Italy}},
journal = {Bolletino della Societ{\`a} Paleotologica Italiana},
year = {2008},
volume = {47},
number = {1},
pages = {7--12}
}

@article{Friedman:2012cp,
author = {Friedman, Matt and Sallan, Lauren Cole},
title = {{Five hundred million years of extinction and recovery: a phanerozoic survey of large-scale diversity patterns in fishes}},
journal = {Palaeontology},
year = {2012},
volume = {55},
number = {4},
pages = {707--742},
month = jun
}

@article{Bellwood:2010ia,
author = {Bellwood, D R and Klanten, S and Cowman, Peter F and Pratchett, M S and Konow, N and van Herwerden, L},
title = {{Evolutionary history of the butterflyfishes (f: Chaetodontidae) and the rise of coral feeding fishes}},
journal = {J. Evol. Biol.},
year = {2010},
volume = {23},
number = {2},
pages = {335--349},
month = feb
}

@article{Carnevale:2006we,
author = {Carnevale, Giorgio},
title = {{Morphology and biology of the Miocene butterflyfish \emph{Chaetodon ficheuri} (Teleostei: Chaetodontidae)}},
journal = {Zoological Journal of the Linnean Society},
year = {2006},
volume = {146},
pages = {251--267}
}

@article{Rabosky:2013by,
author = {Rabosky, Daniel L and Santini, Francesco and Eastman, Jonathan and Smith, Stephen A and Sidlauskas, Brian and Chang, Jonathan and Alfaro, Michael E},
title = {{Rates of speciation and morphological evolution are correlated across the largest vertebrate radiation}},
journal = {Nat. Commun.},
year = {2013},
volume = {4},
pages = {1958}
}

@article{Alba:2001va,
author = {Alba, David M and Agust{\'\i}, Jordi and Moy{\`a}-Sol{\`a}, Salvador},
title = {{Completeness of the mammalian fossil record in the Iberian Neogene}},
journal = {Paleobiology},
year = {2001},
volume = {27},
number = {1},
pages = {79--83}
}

@article{Bell:2009uv,
author = {Bell, Michael A and Stewart, J D and Park, Peter J},
title = {{The world's oldest fossil threespine stickleback fish}},
journal = {Copeia},
year = {2009},
volume = {2009},
number = {2},
pages = {256--265}
}

@article{Ali:2008hs,
author = {Ali, Jason R and Aitchison, Jonathan C},
title = {{Gondwana to Asia: Plate tectonics, paleogeography and the biological connectivity of the Indian sub-continent from the Middle Jurassic through latest Eocene (166--35 Ma)}},
journal = {Earth-Sci. Rev.},
year = {2008},
volume = {88},
number = {3-4},
pages = {145--166},
month = jun
}

@article{Eiting:2009dg,
author = {Eiting, Thomas P and Gunnell, Gregg F},
title = {{Global completeness of the bat fossil record}},
journal = {Journal of Mammalian Evolution},
year = {2009},
volume = {16},
number = {3},
pages = {151--173},
month = jul
}

@article{Nowak:2013ji,
author = {Nowak, Michael D and Smith, Andrew B and Simpson, Carl and Zwickl, Derrick J},
title = {{A simple method for estimating informative node age priors for the fossil calibration of molecular divergence time analyses}},
journal = {PLOS ONE},
year = {2013},
volume = {8},
number = {6},
pages = {e66245},
month = jun
}

@article{Alfaro:2009vc,
author = {Alfaro, Michael E and Santini, Francesco and Brock, Chad D and Alamillo, Hugo and Dornburg, Alex and Rabosky, Daniel L and Carnevale, Giorgio and Harmon, Luke J},
title = {{Nine exceptional radiations plus high turnover explain species diversity in jawed vertebrates}},
journal = {Proc. Natl. Acad. Sci. USA},
year = {2009},
volume = {106},
number = {32},
pages = {13410--13414},
month = aug
}

@article{Wagner:2013im,
author = {Wagner, Peter J and Marcot, Jonathan D},
title = {{Modelling distributions of fossil sampling rates over time, space and taxa: assessment and implications for macroevolutionary studies}},
journal = {Method Ecol. Evol.},
year = {2013},
volume = {4},
number = {8},
pages = {703--713},
month = aug
}

@article{Hassanin:2012il,
author = {Hassanin, Alexandre and Delsuc, Fr{\'e}d{\'e}ric and Ropiquet, Anne and Hammer, Catrin and van Vuuren, Bettine Jansen and Matthee, Conrad and Ruiz-Garcia, Manuel and Catzeflis, Fran{\c c}ois and Areskoug, Veronika and Nguyen, Trung Thanh and Couloux, Arnaud},
title = {{Pattern and timing of diversification of Cetartiodactyla (Mammalia, Laurasiatheria), as revealed by a comprehensive analysis of mitochondrial genomes }},
journal = {C R Biol},
year = {2012},
volume = {335},
number = {1},
pages = {32--50},
month = jan
}

@article{Near:2013dv,
author = {Near, Thomas J and Dornburg, Alex and Eytan, Ron I and Keck, Benjamin P and Smith, W Leo and Kuhn, Kristen L and Moore, Jon A and Price, Samantha A and Burbrink, Frank T and Friedman, Matt and Wainwright, Peter C},
title = {{Phylogeny and tempo of diversification in the superradiation of spiny-rayed fishes}},
journal = {Proc. Natl. Acad. Sci. USA},
year = {2013},
volume = {110},
number = {31},
pages = {12738--12743}
}

@article{McMahan:2013ir,
author = {McMahan, Caleb D and Chakrabarty, Prosanta and Sparks, John S and Smith, Wm Leo and Davis, Matthew P},
title = {{Temporal patterns of diversification across global cichlid biodiversity (Acanthomorpha: Cichlidae)}},
journal = {PLOS ONE},
year = {2013},
volume = {8},
number = {8},
pages = {e71162},
month = aug
}

@article{Takahashi:2002uz,
author = {Takahashi, Tetsumi},
title = {{Systematics of the tribe Trematocarini (Perciformes: Cichlidae) from Lake Tanganyika, Africa}},
journal = {Ichthyol. Res.},
year = {2002},
volume = {2002},
pages = {253--259},
month = aug
}

@article{Poll:1986vv,
author = {Poll, M},
title = {{Classification des Cichlidae du lac Tanganika. Tribus, genres et especes}},
journal = {Acad{\'e}mie Royale de Belgique. Classe des Sciences. M{\'e}moires},
year = {1986},
volume = {45},
pages = {1--163}
}

@article{Yamanoue:2007ue,
author = {Yamanoue, Yusuke and Miya, Masaki and Matsuura, Keiichi and Yagishita, Naoki and Mabuchi, Kohji and Sakai, Harumi and Katoh, Masaya and Nishida, Mutsumi},
title = {{Phylogenetic position of tetraodontiform fishes within the higher teleosts: Bayesian inferences based on 44 whole mitochondrial genome sequences}},
journal = {Mol. Phylogenet. Evol.},
year = {2007},
volume = {45},
number = {1},
pages = {89--101}
}

@article{Ronquist:2003to,
author = {Ronquist, Fredrik and Huelsenbeck, John P},
title = {{MrBayes 3: Bayesian phylogenetic inference under mixed models}},
journal = {Bioinformatics},
year = {2003},
volume = {19},
number = {12},
pages = {1572--1574},
month = aug
}

@book{Nelson:2006to,
author = {Nelson, Joseph S},
title = {{Fishes of the World}},
publisher = {John Wiley {\&} Sons, Inc.},
year = {2006},
address = {Hoboken, New Jersey},
edition = {4},
month = nov
}

@article{Grande:1999wm,
author = {Grande, Terry},
title = {{Revision of the genus \emph{Gonorynchus} Scopoli, 1777 (Teleostei: Ostariophysi)}},
journal = {Copeia},
year = {1999},
volume = {1999},
number = {2},
pages = {453--469},
month = jan
}

@article{Lavoue:2005ik,
author = {Lavou{\'e}, S{\'e}bastien and Miya, Masaki and Inoue, Jun G and Saitoh, Kenji and Ishiguro, Naoya B and Nishida, Mutsumi},
title = {{Molecular systematics of the gonorynchiform fishes (Teleostei) based on whole mitogenome sequences: Implications for higher-level relationships within the Otocephala}},
journal = {Mol. Phylogenet. Evol.},
year = {2005},
volume = {37},
number = {1},
pages = {165--177},
month = oct
}

@article{Grande:1999vk,
author = {Grande, Terry and Poyato-Ariza, Francisco Jos{\'e}},
title = {{Phylogenetic relationships of fossil and Recent gonorynchiform fishes (Teleostei: Ostariophysi)}},
journal = {Zoological Journal of the Linnean Society},
year = {1999},
volume = {125},
pages = {197--238},
month = oct
}

@article{He:2008hk,
author = {He, Shunping and Gu, Xun and Mayden, Richard L and Chen, Wei-Jen and Conway, Kevin W and Chen, Yiyu},
title = {{Phylogenetic position of the enigmatic genus \emph{Psilorhynchus} (Ostariophysi: Cypriniformes): evidence from the mitochondrial genome}},
journal = {Mol. Phylogenet. Evol.},
year = {2008},
volume = {47},
number = {1},
pages = {419--425},
month = apr
}

@article{Pond:2005du,
author = {Kosakovsky Pond, S L and Frost, Simon D W and Muse, Spencer V},
title = {{HyPhy: hypothesis testing using phylogenies}},
journal = {Bioinformatics},
year = {2005},
volume = {21},
number = {5},
pages = {676--679},
month = mar
}

@article{Vari:1979vz,
author = {Vari, Richard Peter},
title = {{Anatomy, relationships and classification of the families Citharinidae and Distichodontidae (Pisces, Characoidea)}},
journal = {Bulletin of the British Museum of Natural History (Zoology)},
year = {1979},
volume = {36},
number = {2},
pages = {261--344},
month = jan
}

@article{Chakrabarty:2004ur,
author = {Chakrabarty, Prosanta},
title = {{Cichlid biogeography: comment and review}},
journal = {Fish Fish.},
year = {2004},
volume = {5},
pages = {97--119},
month = may
}

@article{Meyer:2015ff,
author = {Meyer, Britta S and Indermaur, Adrian and Ehrensperger, Xenia and Egger, Bernd and Banyankimbona, Gaspard and Snoeks, Joe and Salzburger, Walter},
title = {{Back to Tanganyika: a case of recent trans-species-flock dispersal in East African haplochromine cichlid fishes}},
journal = {Royal Society Open Science},
year = {2015},
volume = {2},
pages = {140498},
month = mar
}

@article{Ng:2004wv,
author = {Ng, Heok Hee},
title = {{Rita macracanthus, a new riverine catfish (Teleostei: Bagridae) from South Asia}},
journal = {Zootaxa},
year = {2004},
volume = {568},
pages = {1--12},
month = jan
}

@article{Diogo:2004de,
author = {Diogo, Rui and Vandewalle, Pierre and Chardon, Michel},
title = {{On the osteology and myology of the cephalic region and pectoral girdle of \emph{Franciscodoras marmoratus} (L{\"u}tken 1874), comparison with other doradids, and comments on the synapomorphies and phylogenetic relationships of the Doradidae (Teleostei: Siluriformes)}},
journal = {Animal Biology},
year = {2004},
volume = {54},
number = {2},
pages = {175--193},
month = jul
}

@article{Uchida:2000gj,
author = {Uchida, Katsuhisa and Kaneko, Toyoji and Miyazaki, Hiroaki and Hasegawa, Sanae and Hirano, Tetsuya},
title = {{Excellent salinity tolerance of Mozambique tilapia (\emph{Oreochromis mossambicus}): elevated chloride cell activity in the branchial and opercular epithelia of the fish adapted to concentrated seawater}},
journal = {Zool. Sci.},
year = {2000},
volume = {17},
number = {2},
pages = {149--160},
month = mar
}

@article{Seehausen:1998wg,
author = {Seehausen, O and Lippitsch, E and Bouton, N and Zwennes, H},
title = {{Mbipi, the rock-dwelling cichlids of Lake Victoria: description of three new genera and fifteen new species (Teleostei)}},
journal = {Ichthyological Exploration of Freshwaters},
year = {1998},
volume = {9},
pages = {129--228}
}

@article{Ng:2005wz,
author = {Ng, Heok Hee and Sparks, John S},
title = {{Revision of the endemic Malagasy catfish family Anchariidae (Teleostei: Siluriformes),with descriptions of a new genus and three new species}},
journal = {Ichthyological Exploration of Freshwaters},
year = {2005},
volume = {16},
number = {4},
pages = {303--323},
month = jan
}

@article{Hulsey:2010wr,
author = {Hulsey, C Darrin and Hollingsworth Jr, Philip R and Fordyce, James A},
title = {{Temporal diversification of Central American cichlids}},
journal = {BMC Evol. Biol.},
year = {2010},
volume = {10},
pages = {279},
month = sep
}

@article{Wright:2015ue,
author = {Wright, April M and Lloyd, Graeme T and Hillis, David M},
title = {{Modeling character change heterogeneity in phylogenetic analyses of morphology through the use of priors}},
journal = {Syst. Biol.},
year = {2015},
volume = {Advance Access, doi: 10.1093/sysbio/syv122}
}

@article{Klopfstein:2015iq,
author = {Klopfstein, Seraina and Vilhelmsen, Lars and Ronquist, Fredrik},
title = {{A nonstationary Markov model detects directional evolution in hymenopteran morphology}},
journal = {Syst. Biol.},
year = {2015},
volume = {64},
number = {6},
pages = {1089--1103},
month = oct
}

@article{Mabuchi:2007ho,
author = {Mabuchi, Kohji and Miya, Masaki and Azuma, Yoichiro and Nishida, Mutsumi},
title = {{Independent evolution of the specialized pharyngeal jaw apparatus in cichlid and labrid fishes}},
journal = {BMC Evol. Biol.},
year = {2007},
volume = {7},
number = {1},
pages = {10--10}
}

@article{Bardack:1961uc,
author = {Bardack, David},
title = {{New Tertiary teleosts from Argentina}},
journal = {American Museum Novitates},
year = {1961},
volume = {2041},
pages = {1--28}
}

@phdthesis{Cotterill:2006ut,
author = {Cotterill, F P D},
title = {{The evolutionary history and taxonomy of the Kobus leche species complex of South-Central Africa in the context of palaeo-drainage dynamics}},
school = {University of Stellenbosch},
year = {2006},
address = {Stellenbosch},
month = oct
}

@article{DeVos:1998ty,
author = {De Vos, Luc and Seegers, L},
title = {{Seven new \emph{Orthochromis }species (Teleostei: Cichlidae) from the Malagarasi, Luiche and Rugufu basins (Lake Tanganyika drainage), with notes on their reproductive biology}},
journal = {Ichthyological Exploration of Freshwaters},
year = {1998},
volume = {9},
pages = {371--420}
}

@article{Kawaguchi:2001vo,
author = {Kawaguchi, A and Miya, M and Nishida, M},
title = {{Complete mitochondrial DNA sequence of \emph{Aulopus japonicus} (Teleostei: Aulopiformes), a basal Eurypterygii: longer DNA sequences and higher-level relationships}},
journal = {Ichthyol. Res.},
year = {2001}
}

@article{Kearse:2012dk,
author = {Kearse, M and Moir, R and Wilson, A and Stones-Havas, S and Cheung, M and Sturrock, S and Buxton, S and Cooper, A and Markowitz, S and Duran, C and Thierer, T and Ashton, B and Meintjes, P and Drummond, A},
title = {{Geneious Basic: An integrated and extendable desktop software platform for the organization and analysis of sequence data}},
journal = {Bioinformatics},
year = {2012},
volume = {28},
number = {12},
pages = {1647--1649},
month = jun
}

@article{Marescalchi:2005jn,
author = {Marescalchi, O},
title = {{Karyotype and mitochondrial 16S gene characterizations in seven South American Cichlasomatini species (Perciformes, Cichlidae)}},
journal = {J. Zool. Syst. Evol. Res.},
year = {2005},
volume = {43},
number = {1},
pages = {22--28},
month = feb
}

@article{Miya:2000ba,
author = {Miya, Masaki and Nishida, Mutsumi},
title = {{Use of mitogenomic information in teleostean molecular phylogenetics: a tree-based exploration under the maximum-parsimony optimality criterion}},
journal = {Mol. Phylogenet. Evol.},
year = {2000},
volume = {17},
number = {3},
pages = {437--455},
month = dec
}

@book{Conkel:1993tn,
author = {Conkel, Don},
title = {{Cichlids of North and Central America}},
publisher = {TFH Publications},
year = {1993},
address = {Neptune City, New Jersey}
}

@book{Greenfield:2016wt,
author = {Greenfield, David W and Thomserson, J E},
title = {{Fishes of the Continental Waters of Belize}},
publisher = {University Press of Florida},
year = {1997},
address = {Gainesville, Florida}
}

@booklet{Mo:1991us,
title = {{Anatomy, relationships and systematics of the Bagridae (Teleostei: Siluroidei) with a hypothesis of siluroid phylogeny}},
author = {Mo, Tianpei},
howpublished = {Koeltz Scientific Books},
address = {Koenigstein, Germany},
year = {1991}
}

@misc{FishBase:2011wx,
title = {{FishBase}},
author = {Froese, R and Pauly, D},
howpublished = {World Wide Web electronic publication. www.fishbase.org (10/2015).},
year = {2015}
}

@article{Amster:2016df,
author = {Amster, Guy and Sella, Guy},
title = {{Life history effects on the molecular clock of autosomes and sex chromosomes}},
journal = {Proc. Natl. Acad. Sci. USA},
year = {2016},
volume = {Early Access, doi: 10.1073/pnas.1515798113},
month = jan
}

@article{Welker:2015br,
author = {Welker, Frido and Collins, Matthew J and Thomas, Jessica A and Wadsley, Marc and Brace, Selina and Cappellini, Enrico and Turvey, Samuel T and Reguero, Marcelo and Gelfo, Javier N and Kramarz, Alejandro and Burger, Joachim and Thomas-Oates, Jane and Ashford, David A and Ashton, Peter D and Rowsell, Keri and Porter, Duncan M and Kessler, Benedikt and Fischer, Roman and Baessmann, Carsten and Kaspar, Stephanie and Olsen, Jesper V and Kiley, Patrick and Elliott, James A and Kelstrup, Christian D and Mullin, Victoria and Hofreiter, Michael and Willerslev, Eske and Hublin, Jean-Jacques and Orlando, Ludovic and Barnes, Ian and MacPhee, Ross D E},
title = {{Ancient proteins resolve the evolutionary history of Darwin's South American ungulates}},
journal = {Nature},
year = {2015},
volume = {522},
pages = {81--84},
month = mar
}

@article{Benton:2015wj,
author = {Benton, Michael J and Donoghue, Michael J and Asher, Robert J and Friedman, Matt and Near, Thomas J and Vinther, Jakob},
title = {{Constraints on the timescale of animal evolutionary history}},
journal = {Palaeontol. Electron.},
year = {2015},
volume = {18.1.1FC},
pages = {1--106}
}

@article{Turner:2001io,
author = {Turner, George F and Seehausen, Ole and Knight, Mairi E and Allender, Charlotte and Robinson, Rosanna L},
title = {{How many species of cichlid fishes are there in African lakes?}},
journal = {Mol. Ecol.},
year = {2001},
volume = {10},
number = {3},
pages = {793--806}
}

@article{Salzburger:2004gp,
author = {Salzburger, Walter and Meyer, Axel},
title = {{The species flocks of East African cichlid fishes: recent advances in molecular phylogenetics and population genetics}},
journal = {Naturwissenschaften},
year = {2004},
volume = {91},
number = {6},
pages = {277--290},
month = jun
}

@article{Day:2008ww,
author = {Day, Julia J and Cotton, James A and Barraclough, Timothy G},
title = {{Tempo and mode of diversification of Lake Tanganyika cichlid fishes}},
journal = {PLOS ONE},
year = {2008},
volume = {3},
number = {3},
pages = {e1730},
month = feb
}

@article{Sparks:2005ud,
author = {Sparks, John S and Smith, Wm Leo},
title = {{Freshwater fishes, dispersal ability, and nonevidence: ``Gondwana life rafts'' to the rescue}},
journal = {Syst. Biol.},
year = {2005},
volume = {54},
number = {1},
pages = {158--165},
month = mar
}

@book{Thieme:2005tb,
author = {Thieme, Michele L and Abell, Robin and Burgess, Neil and Lehner, Bernhard and Dinerstein, Eric and Olson, David and Teugels, Guy and Kamdem-Toham, Andre and Stiassny, Melanie L J S and Skelton, Paul},
title = {{Freshwater Ecoregions of Africa and Madagascar}},
publisher = {Island Press},
year = {2005},
series = {A Conservation Assessment},
month = apr
}

@incollection{Palumbi:1996uy,
author = {Palumbi, Stephen R},
title = {{The polymerase chain reaction}},
booktitle = {Nucleic Acids II},
year = {1996},
editor = {Hillis, David M and Moritz, C and Mable, Barbara K},
pages = {205--247},
publisher = {Sinauer Associates, Sunderland, Massachusetts.}
}

@article{Foote:1999ts,
author = {Foote, Mike and Hunter, John P and Janis, Christine M and Sepkoski, Jr, J John},
title = {{Evolutionary and preservational constraints on origins of biologic groups: divergence times of eutherian mammals}},
journal = {Science},
year = {1999},
volume = {283},
pages = {1310--1314}
}

@article{Salzburger:2005js,
author = {Salzburger, Walter and Mack, Tanja and Verheyen, Erik and Meyer, Axel},
title = {{Out of Tanganyika: Genesis, explosive speciation, key-innovations and phylogeography of the haplochromine cichlid fishes}},
journal = {BMC Evol. Biol.},
year = {2005},
volume = {5},
number = {1},
pages = {17}
}

@article{Miya:2005vl,
author = {Miya, Masaki and Satoh, Takashi P and Nishida, Mutsumi},
title = {{The phylogenetic position of toadfishes (order Batrachoidiformes) in the higher ray-finned fish as inferred from partitioned Bayesian analysis of 102 whole mitochondrial genome sequences}},
journal = {Biological Journal of the Linnean Society},
year = {2005},
volume = {85},
number = {3},
pages = {289--306}
}

@article{Vigliotta:2008hm,
author = {Vigliotta, Thomas R},
title = {{A phylogenetic study of the African catfish family Mochokidae (Osteichthyes, Ostariophysi, Siluriformes), with a key to genera}},
journal = {Proceedings of the Academy of Natural Sciences of Philadelphia},
year = {2008},
volume = {157},
number = {1},
pages = {73--136},
month = jul
}

@article{Waters:2000wp,
author = {Waters, Jonathan M and L{\'o}pez, J Andr{\'e}s and Wallis, Graham P},
title = {{Molecular phylogenetics and biogeography of galaxiid fishes (Osteichthyes: Galaxiidae): dispersal, vicariance, and the position of \emph{Lepidogalaxias salamandroides}}},
journal = {Syst. Biol.},
year = {2000},
volume = {49},
number = {4},
pages = {777--795},
month = dec
}

@article{Takahashi:2003ww,
author = {Takahashi, Tetsumi and Nakaya, Kazuhiro},
title = {{New species of \emph{Cyphotilapia} (Perciformes: Cichlidae) from Lake Tanganyika, Africa}},
journal = {Copeia},
year = {2003},
volume = {2003},
number = {4},
pages = {824--832},
month = jan
}

@article{Baldwin:1997wh,
author = {Baldwin, Carole C and Johnson, G David and Paxton, John R},
title = {{\emph{Protoblepharon rosenblatti, }a new genus and species of flashlight fish (Beryciformes: Anomalopidae) from the tropical South Pacific, with comments on anomalopid phylogeny}},
journal = {Proceedings of the Biological Society of Washington},
year = {1997},
volume = {110},
number = {3},
pages = {373--383},
month = dec
}

@article{Paxton:2001ux,
author = {Paxton, John R and Johnson, G David and Trnski, Thomas},
title = {{Larvae and juveniles of the deepsea ``Whalefishes'' \emph{Barbourisia} and \emph{Rondeletia} (Stephanoberyciformes: Barbourisiidae, Rondeletiidae), with comments on family relationships}},
journal = {Records of the Australian Museum},
year = {2001},
volume = {53},
pages = {407--425},
month = dec
}

@incollection{Stiassny:2011ti,
author = {Stiassny, M L J and Brummett, R E and Harrison, I J and Monsembula, R and Mamonekene, V},
title = {{The status and distribution of freshwater fishes in central Africa}},
booktitle = {The Status and Distribution of Freshwater Biodiversity in Central Africa},
year = {2011},
editor = {Brooks, E G E and Allen, D J and Darwall, W R T},
pages = {1--140},
publisher = {IUCN},
address = {Cambridge, UK and Gland, Switzerland},
month = jan
}

@article{Colgan:2000ko,
author = {Colgan, D J and Zhang, C G and Paxton, John R},
title = {{Phylogenetic investigations of the Stephanoberyciformes and Beryciformes, particularly whalefishes (Euteleostei: Cetomimidae), based on partial 12S rDNA and 16S rDNA sequences}},
journal = {Mol. Phylogenet. Evol.},
year = {2000},
volume = {17},
number = {1},
pages = {15--25},
month = oct
}

@article{Dornburg:2012cr,
author = {Dornburg, Alex and Moore, Jon A and Webster, Rachel and Warren, Dan L and Brandley, Matthew C and Iglesias, Teresa L and Wainwright, Peter C and Near, Thomas J},
title = {{Molecular phylogenetics of squirrelfishes and soldierfishes (Teleostei: Beryciformes: Holocentridae): Reconciling more than 100 years of taxonomic confusion}},
journal = {Mol. Phylogenet. Evol.},
year = {2012},
volume = {65},
number = {2},
pages = {727--738},
month = nov
}

@article{Imamura:2013jg,
author = {Imamura, Hisashi and Odani, Kenji},
title = {{An overview of the phylogenetic relationships of the suborder Trachinoidei (Acanthomorpha: Perciformes)}},
journal = {Ichthyol. Res.},
year = {2013},
volume = {60},
number = {1},
pages = {1--15},
month = aug
}

@article{Odani:2011wn,
author = {Odani, Kenji and Imamura, Hisashi},
title = {{New phylogenetic proposal for the family Leptoscopidae (Perciformes: Trachinoidei)}},
journal = {Bulletin of Fisheries Sciences, Hokkaido University},
year = {2011},
volume = {61},
number = {2/3},
pages = {49--63},
month = jan
}

@article{Takahashi:2004bw,
author = {Takahashi, Tetsumi},
title = {{Phylogenetic analysis of Cyprichromini (Perciformes: Cichlidae) endemic to Lake Tanganyika and validation of the genus \emph{Paracyprichromis}}},
journal = {Ichthyol. Res.},
year = {2004},
volume = {51},
number = {1},
pages = {1--4},
month = feb
}

@article{Altner:2015dw,
author = {Altner, Melanie and Reichenbacher, Bettina},
title = {{†Kenyaichthyidae fam. nov. and †Kenyaichthys gen. nov. -- First record of a fossil aplocheiloid Killifish (Teleostei, Cyprinodontiformes)}},
journal = {PLOS ONE},
year = {2015},
volume = {10},
number = {4},
pages = {e0123056},
month = apr
}

@article{Odani:2006we,
author = {Odani, Kenji and Imamura, Hisashi and Nakaya, Kazuhiro},
title = {{Osteological description of the Brazilian flathead, \emph{Percophis brasiliensis} (Actinopterygii: Perciformes: Percophidae), with comments on its phylogenetic position}},
journal = {Species Diversity},
year = {2006},
volume = {11},
pages = {277--294},
month = jan
}

@article{McMahan:2010im,
author = {McMahan, Caleb D and Geheber, Aaron D and Piller, Kyle R},
title = {{Molecular systematics of the enigmatic Middle American genus \emph{Vieja} (Teleostei: Cichlidae)}},
journal = {Mol. Phylogenet. Evol.},
year = {2010},
volume = {57},
number = {3},
pages = {1293--1300},
month = dec
}

@article{Lautredou:2013gi,
author = {Lautr{\'e}dou, A-C and Motomura, H and Gallut, C and Ozouf-Costaz, C and Cruaud, C and Lecointre, G and Dettai, A},
title = {{New nuclear markers and exploration of the relationships among Serraniformes (Acanthomorpha, Teleostei): the importance of working at multiple scales}},
journal = {Mol. Phylogenet. Evol.},
year = {2013},
volume = {67},
number = {1},
pages = {140--155},
month = jan
}

@article{Hohna:2011hd,
author = {H{\"o}hna, Sebastian and Stadler, Tanja and Ronquist, Fredrik and Britton, T},
title = {{Inferring speciation and extinction rates under different sampling schemes}},
journal = {Mol. Biol. Evol.},
year = {2011},
volume = {28},
number = {9},
pages = {2577--2589},
month = aug
}

@article{Stadler:2010fn,
author = {Stadler, Tanja},
title = {{Sampling-through-time in birth--death trees}},
journal = {J. Theor. Biol.},
year = {2010},
volume = {267},
number = {3},
pages = {396--404},
month = jul
}

@article{Sytchevskaya:2007cf,
author = {Sytchevskaya, E K and Prokofiev, A M},
title = {{A dragonet (Perciformes: Callionymidae) from the Middle Miocene of southern Russia}},
journal = {J. Ichthyol.},
year = {2007},
volume = {47},
number = {9},
pages = {708--714},
month = nov
}

@article{Near:2004vq,
author = {Near, Thomas J},
title = {{Estimating divergence times of notothenioid fishes using a fossil-calibrated molecular clock}},
journal = {Antarct Sci},
year = {2004},
volume = {16},
number = {1},
pages = {37--44}
}

@article{Stamatakis:2006de,
author = {Stamatakis, Alexandros},
title = {{RAxML-VI-HPC: maximum likelihood-based phylogenetic analyses with thousands of taxa and mixed models}},
journal = {Bioinformatics},
year = {2006},
volume = {22},
number = {21},
pages = {2688--2690},
month = nov
}

@incollection{Benton:2009uv,
author = {Benton, Michael J and Donoghue, Philip C J and Asher, Robert J},
title = {{Calibrating and constraining molecular clocks}},
booktitle = {The Timetree of Life},
year = {2009},
editor = {Hedges, S Blair and Kumar, Sudhir},
pages = {35--86},
publisher = {Oxford University Press},
address = {Oxford, UK},
month = dec
}

@article{Matsumoto:1982wn,
author = {Matsumoto, T and Obata, I and Tashiro, M and Ohta, Y and Tamura, M and Matsukawa, M and Tanaka, H},
title = {{Correlation of marine and non-marine formation in the Cretaceous of Japan}},
journal = {Fossils},
year = {1982},
volume = {31},
pages = {1--26},
annote = {cited in Yamamoto et al. 2009}
}

@book{Anonymous:2009wk,
editor = {Hedges, S Blair and Kumar, Sudhir},
title = {{The Timetree of Life}},
publisher = {Oxford University Press},
year = {2009},
address = {Oxford, UK},
month = dec
}

@article{Orlando:2014gy,
author = {Orlando, Ludovic and Ginolhac, Aur{\'e}lien and Zhang, Guojie and Froese, Duane and Albrechtsen, Anders and Stiller, Mathias and Schubert, Mikkel and Cappellini, Enrico and Petersen, Bent and Moltke, Ida and Johnson, Philip L F and Fumagalli, Matteo and Vilstrup, Julia T and Raghavan, Maanasa and Korneliussen, Thorfinn and Malaspinas, Anna-Sapfo and Vogt, Josef and Szklarczyk, Damian and Kelstrup, Christian D and Vinther, Jakob and Dolocan, Andrei and Stenderup, Jesper and Velazquez, Amhed M V and Cahill, James and Rasmussen, Morten and Wang, Xiaoli and Min, Jiumeng and Zazula, Grant D and Seguin-Orlando, Andaine and Mortensen, Cecilie and Magnussen, Kim and Thompson, John F and Weinstock, Jacobo and Gregersen, Kristian and R{\o}ed, Knut H and Eisenmann, V{\'e}ra and Rubin, Carl J and Miller, Donald C and Antczak, Douglas F and Bertelsen, Mads F and Brunak, S{\o}ren and Al-Rasheid, Khaled A S and Ryder, Oliver and Andersson, Leif and Mundy, John and Krogh, Anders and Gilbert, M Thomas P and Kj{\ae}r, Kurt and Sicheritz-Ponten, Thomas and Jensen, Lars Juhl and Olsen, Jesper V and Hofreiter, Michael and Nielsen, Rasmus and Shapiro, Beth and Wang, Jun and Willerslev, Eske},
title = {{Recalibrating \emph{Equus} evolution using the genome sequence of an early Middle Pleistocene horse}},
journal = {Nature},
year = {2014},
volume = {498},
number = {7456},
pages = {74--78}
}

@article{Hulsey:2010ih,
author = {Hulsey, C Darrin and Keck, Benjamin P and Hollingsworth, Phillip R},
title = {{Species tree estimation and the historical biogeography of heroine cichlids}},
journal = {Mol. Phylogenet. Evol.},
year = {2011},
volume = {58},
pages = {124--131},
month = nov
}

@article{Near:2005vu,
author = {Near, Thomas J and Bolnick, Daniel I and Wainwright, Peter C},
title = {{Fossil calibrations and molecular divergence time estimates in centrarchid fishes (Teleostei: Centrarchidae)}},
journal = {Evolution},
year = {2005},
volume = {59},
number = {8},
pages = {1768--1782}
}

@article{Near:2004ud,
author = {Near, Thomas J and Bolnick, Daniel I and Wainwright, Peter C},
title = {{Investigating phylogenetic relationships of sunfishes and black basses (Actinopterygii: Centrarchidae) using DNA sequences from mitochondrial and nuclear genes}},
journal = {Mol. Phylogenet. Evol.},
year = {2004},
volume = {32},
number = {1},
pages = {344--357}
}

@article{Musilova:2009ff,
author = {Musilov{\'a}, Zuzana and {\v R}{\'\i}{\c c}an, O and Nov{\'a}k, J},
title = {{Phylogeny of the Neotropical cichlid fish tribe Cichlasomatini (Teleostei: Cichlidae) based on morphological and molecular data, with the description of a new genus}},
journal = {J. Zool. Syst. Evol. Res.},
year = {2009},
volume = {47},
number = {3},
pages = {234--247},
month = aug
}

@article{Chen:2007fk,
author = {Chen, Wei-Jen and Ruiz-Carus, R and Ort{\'\i}, Guillermo},
title = {{Relationships among four genera of mojarras (Teleostei: Perciformes: Gerreidae) from the western Atlantic and their tentative placement among percomorph fishes}},
journal = {Journal of Fish Biology},
year = {2007},
volume = {70},
number = {sb},
pages = {202--218},
month = apr
}

@article{Farias:2000ts,
author = {Farias, Izeni P and Ort{\'\i}, Guillermo and Meyer, Axel},
title = {{Total evidence: molecules, morphology, and the phylogenetics of cichlid fishes}},
journal = {J Exp Zool},
year = {2000},
volume = {288},
pages = {76--92},
month = mar
}

@article{Grimm:2015dq,
author = {Grimm, G W and Kapli, P and Bomfleur, B and McLoughlin, S and Renner, Susanne S},
title = {{Using more than the oldest fossils: dating Osmundaceae with three Bayesian clock approaches}},
journal = {Syst. Biol.},
year = {2015},
volume = {64},
number = {3},
pages = {396--405},
month = apr
}

@article{Ho:2009gn,
author = {Ho, S Y W and Phillips, M J},
title = {{Accounting for calibration uncertainty in phylogenetic estimation of evolutionary divergence times}},
journal = {Syst. Biol.},
year = {2009},
volume = {58},
number = {3},
pages = {367--380},
month = aug
}

@article{Near:2012ie,
author = {Near, Thomas J and Sandel, Michael and Kuhn, Kristen L and Unmack, Peter J and Wainwright, Peter C and Smith, Wm Leo},
title = {{Nuclear gene-inferred phylogenies resolve the relationships of the enigmatic Pygmy Sunfishes, \emph{Elassoma} (Teleostei: Percomorpha)}},
journal = {Mol. Phylogenet. Evol.},
year = {2012},
volume = {63},
number = {2},
pages = {388--395},
month = may
}

@article{Li:2010ie,
author = {Li, Chenhong and Ort{\'\i}, Guillermo and Zhao, Jinliang},
title = {{The phylogenetic placement of sinipercid fishes ("Perciformes") revealed by 11 nuclear loci}},
journal = {Mol. Phylogenet. Evol.},
year = {2010},
volume = {56},
number = {3},
pages = {1096--1104},
month = sep
}

@article{Prokofiev:2007wu,
author = {Prokofiev, A M},
title = {{The osteology of \emph{Bathysphyraenops symplex }and the diagnosis of the Howellidae (Perciformes: Percoidei) family}},
journal = {J. Ichthyol.},
year = {2007},
volume = {47},
number = {8},
pages = {566--578}
}

@article{Yagishita:2002ua,
author = {Yagishita, Naoki and Kobayashi, Takanori and Nakabo, Tetsuji},
title = {{Review of monophyly of the Kyphosidae (sensu Nelson, 1994), inferred from the mitochondrial ND2 gene}},
journal = {Ichthyol. Res.},
year = {2002},
volume = {49},
pages = {103--108},
month = may
}

@article{Liu:1994ti,
author = {Liu, Huanzhuang and Chen, Yiyu},
title = {{Phylogeny of the sinipercine fishes with some taxonomic notes}},
journal = {Zoological Research},
year = {1994},
volume = {15},
pages = {1--12},
month = jan
}

@article{Setiamarga:2008jn,
author = {Setiamarga, Davin H E and Miya, Masaki and Yamanoue, Yusuke and Mabuchi, Kohji and Satoh, Takashi P and Inoue, Jun G and Nishida, Mutsumi},
title = {{Interrelationships of Atherinomorpha (medakas, flyingfishes, killifishes, silversides, and their relatives): the first evidence based on whole mitogenome sequences}},
journal = {Mol. Phylogenet. Evol.},
year = {2008},
volume = {49},
number = {2},
pages = {598--605},
month = nov
}

@article{Roe:2002wg,
author = {Roe, Kevin J and Harris, Philip M and Mayden, Richard L},
title = {{Phylogenetic relationships of the genera of North American Sunfishes and basses (Percoidei: Centrarchidae) as evidenced by the mitochondrial Cytochrome b gene}},
journal = {Copeia},
year = {2002},
volume = {2002},
number = {4},
pages = {897--905},
month = jan
}

@incollection{Near:2009tp,
author = {Near, Thomas J and Koppelman, J B},
title = {{Species diversity, phylogeny and phylogeography of Centrarchidae}},
booktitle = {Centrarchid fishes: Diversity, biology, and conservation},
year = {2009},
editor = {Cooke, S J and Philipp, D P},
pages = {1--38},
publisher = {Blackwell Science},
month = feb
}

@article{Johnson:1993to,
author = {Johnson, G David},
title = {{Percomorph phylogeny: Progress and problems}},
journal = {Bulletin of Marine Science},
year = {1993},
volume = {52},
number = {1},
pages = {3--28},
month = sep
}

@article{Jerry:2001ho,
author = {Jerry, Dean R and Elphinstone, Martin S and Baverstock, Peter R},
title = {{Phylogenetic Relationships of Australian Members of the Family Percichthyidae Inferred from Mitochondrial 12S rRNA Sequence Data}},
journal = {Mol. Phylogenet. Evol.},
year = {2001},
volume = {18},
number = {3},
pages = {335--347},
month = mar
}

@book{Greenwood:1976wy,
author = {Greenwood, P Humphrey},
title = {{A review of the family Centropomidae (Pisces, Perciformes)}},
publisher = {British Museum (Natural History)},
year = {1976},
address = {London, UK}
}

@article{Bloom:2012jg,
author = {Bloom, Devin D and Unmack, Peter J and Gosztonyi, Atila E and Piller, Kyle R and Lovejoy, Nathan R},
title = {{It's a family matter: Molecular phylogenetics of Atheriniformes and the polyphyly of the surf silversides (Family: Notocheiridae)}},
journal = {Mol. Phylogenet. Evol.},
year = {2012},
volume = {62},
number = {3},
pages = {1025--1030},
month = mar
}

@article{Sparks:2004gd,
author = {Sparks, John S and Smith, W Leo},
title = {{Phylogeny and biogeography of the Malagasy and Australasian rainbowfishes (Teleostei: Melanotaenioidei): Gondwanan vicariance and evolution in freshwater}},
journal = {Mol. Phylogenet. Evol.},
year = {2004},
volume = {33},
number = {3},
pages = {719--734},
month = dec
}

@article{Gomon:1997vn,
author = {Gomon, Martin F},
title = {{Relationships of fishes of the labrid tribe Hypsigenyini}},
journal = {Bulletin of Marine Science},
year = {1997},
volume = {60},
number = {3},
pages = {789--871},
month = dec
}

@article{Klett:2002tv,
author = {Klett, Vera and Meyer, Axel},
title = {{What, if anything, is a Tilapia?---mitochondrial ND2 phylogeny of tilapiines and the evolution of parental care systems in the African cichlid fishes }},
journal = {Mol. Biol. Evol.},
year = {2002},
volume = {19},
number = {6},
pages = {865--883},
month = may
}

@article{Heled:2015df,
author = {Heled, Joseph and Drummond, Alexei J},
title = {{Calibrated birth-death phylogenetic time-tree priors for Bayesian inference}},
journal = {Syst. Biol.},
year = {2015},
volume = {64},
number = {3},
pages = {369--383},
month = apr
}

@article{Beaulieu:2013kt,
author = {Beaulieu, Jeremy M and Donoghue, Michael J},
title = {{Fruit evolution and diversification in campanulid angiosperms}},
journal = {Evolution},
year = {2013},
volume = {67},
number = {11},
pages = {3132--3144},
month = jul
}

@book{Woodward:1902tf,
author = {Woodward, A Smith},
title = {{The fossil fish of the English Chalk}},
publisher = {Mon Palaeont Soc},
year = {1902},
address = {London, UK},
month = oct
}

@article{Arambourg:1954uc,
author = {Arambourg, C},
title = {{Les poissons cr{\'e}tac{\'e}s du Jebel Tselfat (Maroc)}},
journal = {Notes M{\'e}m Serv G{\'e}ol Maroc},
year = {1954},
volume = {118},
pages = {1--188},
month = oct
}

@article{Silvestro:2014ga,
author = {Silvestro, Daniele and Salamin, Nicolas and Schnitzler, Jan},
title = {{PyRate: a new program to estimate speciation and extinction rates from incomplete fossil data}},
journal = {Method Ecol. Evol.},
year = {2014},
volume = {5},
number = {10},
pages = {1126--1131},
month = sep
}

@article{Regan:1911un,
author = {Regan, C Tate},
title = {{The anatomy and classification of the Teleostean fishes of the orders Berycomorphi and Xenoberyces}},
journal = {Ann Mag Nat Hist},
year = {1911},
volume = {8},
number = {7},
pages = {1--9},
month = oct,
annote = {cited in Patterson 1964}
}

@article{Orrell:2006tt,
author = {Orrell, Thomas M and Collette, Bruce B and Johnson, G David},
title = {{Molecular data support separate scombroid and xiphioid clades}},
journal = {Bulletin of Marine Science},
year = {2006},
volume = {79},
number = {3},
pages = {505--519}
}

@article{vanOijen:1996uj,
author = {van Oijen, M J P},
title = {{The generic classification of the haplochromine cichlids of Lake Victoria, East Africa}},
journal = {Zoologische Verhandelingen, Leiden},
year = {1996},
volume = {302},
number = {15.ii},
pages = {57--110},
month = jan
}

@incollection{Fedotov:1989vc,
author = {Fedotov, V F and Bannikov, A F},
title = {{On the phylogenetic relationships of fossil Gadidae}},
booktitle = {Papers on the systematics of gadiform fishes},
year = {1989},
editor = {Cohen, D M},
publisher = {Science Series. Natural History Museum of Los Angeles County},
address = {Los Angeles, CA},
month = oct
}

@article{Santini:2003wa,
author = {Santini, Francesco and Tyler, James C},
title = {{A phylogeny of the families of fossil and extant tetraodontiform fishes (Acanthomorpha, Tetraodontiformes), Upper Cretaceous to Recent}},
journal = {Zoological Journal of the Linnean Society},
year = {2003},
volume = {139},
pages = {565--617},
month = nov
}

@article{Greenwood:1966wy,
author = {Greenwood, P Humphrey and Rosen, Donn E and Weitzmann, Stanley H and Myers, George S},
title = {{Phyletic studies of teleostean fishes, with a provisional classification of living forms}},
journal = {Bulletin of the American Museum of Natural History},
year = {1966},
volume = {131},
pages = {338--455},
month = mar
}

@article{Westneat:1993wg,
author = {Westneat, Mark W},
title = {{Phylogenetic relationships of the tribe Cheilinini (Labridae: Perciformes)}},
journal = {Bulletin of Marine Science},
year = {1993},
volume = {52},
number = {1},
pages = {351--394},
month = jan
}

@article{Orrell:2002tj,
author = {Orrell, Thomas M and Carpenter, Kent E and Musick, John A and Graves, John E},
title = {{Phylogenetic and Biogeographic Analysis of the Sparidae (Perciformes: Percoidei) from Cytochrome b Sequences}},
journal = {Copeia},
year = {2002},
volume = {2002},
number = {3},
pages = {618--631},
month = jan
}

@article{Sasaki:1989wi,
author = {Sasaki, Kunio},
title = {{Phylogeny of the family Sciaenidae, with notes on its zoogeography (Teleostei: Perciformes)}},
journal = {Memoirs of the Faculty of Fisheries, Hokkaido University},
year = {1989},
volume = {36},
number = {1-2},
pages = {1--137},
month = jan
}

@article{Johnson:1980vq,
author = {Johnson, G David},
title = {{The limits and relationships of the Lutjanidae and associated families}},
journal = {Bulletin of the Scripps Institution of Oceanography},
year = {1980},
volume = {24}
}

@article{Li:2011gf,
author = {Li, Chenhong and Betancur-R, Ricardo and Smith, Wm Leo and Ort{\'\i}, Guillermo},
title = {{Monophyly and interrelationships of Snook and Barramundi (Centropomidae sensu Greenwood) and five new markers for fish phylogenetics}},
journal = {Mol. Phylogenet. Evol.},
year = {2011},
volume = {60},
number = {3},
pages = {463--471},
month = sep
}

@article{Damerau:2012jo,
author = {Damerau, Malte and Matschiner, Michael and Salzburger, Walter and Hanel, Reinhold},
title = {{Comparative population genetics of seven notothenioid fish species reveals high levels of gene flow along ocean currents in the southern Scotia Arc, Antarctica}},
journal = {Polar Biol},
year = {2012},
volume = {35},
number = {7},
pages = {1073--1086},
month = feb
}

@article{Kaufman:1982tj,
author = {Kaufman, L S and Liem, K F},
title = {{Fishes of the suborder Labroidei (Pisces: Perciformes): phylogeny, ecology, and evolutionary significance}},
journal = {Breviora},
year = {1982},
volume = {472},
pages = {1--19}
}

@article{Greenwood:1979wo,
author = {Greenwood, Peter Humphrey},
title = {{Towards a phyletic classification of the 'genus' \emph{Haplochromis} (Pisces, Cichlidae) and related taxa, part 1}},
journal = {Bulletin of the British Museum (Natural History) Zoology},
year = {1979},
volume = {35},
pages = {265--322},
month = jan
}

@article{Marshall:2008ji,
author = {Marshall, Charles R},
title = {{A simple method for bracketing absolute divergence times on molecular phylogenies using multiple fossil calibration points}},
journal = {Am. Nat.},
year = {2008},
volume = {171},
number = {6},
pages = {726--742},
month = jun
}

@article{Stiassny:2007wk,
author = {Stiassny, Melanie LJ and Schliewen, Ulrich K},
title = {{\emph{Congochromis}, a new cichlid genus (Teleostei: Cichlidae) from Central Africa, with the description of a new species from the upper Congo river, Democratic Republic of Congo}},
journal = {American Museum Novitates},
year = {2007},
volume = {3576},
pages = {1--16},
month = jun
}

@article{Santini:2009ja,
author = {Santini, Francesco and Harmon, Luke J and Carnevale, Giorgio and Alfaro, Michael E},
title = {{Did genome duplication drive the origin of teleosts? A comparative study of diversification in ray-finned fishes}},
journal = {BMC Evol. Biol.},
year = {2009},
volume = {9},
number = {1},
pages = {194}
}

@article{Martin:1993fa,
author = {Martin, Andrew P and Palumbi, Stephen R},
title = {{Body size, metabolic rate, generation time, and the molecular clock}},
journal = {Proc. Natl. Acad. Sci. USA},
year = {1993},
volume = {90},
number = {9},
pages = {4087--4091},
month = may
}

@incollection{Muzylev:1994wv,
author = {Muzylev, N G},
title = {{Anoksicheskie sobytiya paleotsena--srednego eotsena (Anoxic events of the Paleocene-Middle Eocene)}},
booktitle = {Ekosistemnye perestroiki i evolyutsiya biosfery (Ecosystem restructuring and the evolution of the biosphere)},
year = {1994},
editor = {Rozanov, A Y and Semikhatov, M A},
pages = {160--166},
publisher = {Nedra},
address = {Moscow, Russia},
month = oct
}

@phdthesis{Orr:1995uv,
author = {Orr, J W},
title = {{Phylogenetic relationships of gasterosteiform fishes (Teleostei: Acanthomorpha)}},
school = {University of Washington},
year = {1995},
month = oct
}

@article{Duncker:1912vn,
author = {Duncker, G},
title = {{Die Gattungen der Syngnathiden}},
journal = {Mitteilungen aus dem Naturhistorischen Museum in Hamburg},
year = {1912},
volume = {29},
pages = {219--240},
month = oct
}

@article{Duncker:1915tm,
author = {Duncker, G},
title = {{Revision der Syngnathidae}},
journal = {Mitteilungen aus dem Hamburgischen Zoologischen Museum und Institut},
year = {1915},
volume = {32},
pages = {9--120},
month = oct
}

@article{Williams:2012cm,
author = {Williams, E P and Peer, A C and Miller, T J and Secor, D H and Place, A R},
title = {{A phylogeny of the temperate seabasses (Moronidae) characterized by a translocation of the mt-nd6 gene}},
journal = {Journal of Fish Biology},
year = {2012},
volume = {80},
number = {1},
pages = {110--130},
month = dec
}

@article{Caruso:1985vy,
author = {Caruso, John H},
title = {{The systematics and distribution of the lophiid Anglerfishes: III. Intergeneric relationships}},
journal = {Copeia},
year = {1985},
volume = {1985},
number = {4},
pages = {870--875},
month = jan
}

@article{Stickney:1986td,
author = {Stickney, Robert R},
title = {{Tilapia tolerance of saline waters: a review}},
journal = {Prog. Fish Cult.},
year = {1986},
volume = {48},
number = {3},
month = jan
}

@incollection{Patterson:1993vc,
author = {Patterson, Colin},
title = {{Osteichthyes: Teleostei}},
booktitle = {The fossil record 2},
year = {1993},
pages = {621--656},
publisher = {Chapman {\&} Hall},
address = {London, UK},
month = dec
}

@article{Casier:1944ue,
author = {Casier, E},
title = {{Contributions {\`a} l'{\'e}tude des poissons fossiles de la Belgique. V. -- Les genres \emph{Trichiurides} Winkler (s.str.) et \emph{Eutrichiurides} nov., leurs affinit{\'e}s respectives}},
journal = {Bulletin du Mus{\'e}e Royal d'Histoire Naturelle de Belgique},
year = {1944},
volume = {20},
pages = {1--9},
month = oct
}

@article{Li:2006js,
author = {Li, Xia and Musikasinthorn, Prachya and Kumazawa, Yoshinori},
title = {{Molecular phylogenetic analyses of snakeheads (Perciformes: Channidae) using mitochondrial DNA sequences}},
journal = {Ichthyol. Res.},
year = {2006},
volume = {53},
number = {2},
pages = {148--159},
month = may
}

@book{Altner:2012wt,
author = {Altner, Melanie and Reichenbacher, Bettina},
title = {{First fossil record of aplocheiloid killifish in Africa}},
publisher = {Abstract. XIV European Congress of Ichthyology},
year = {2012},
address = {Li{\`e}ge, Belgium}
}

@incollection{Costa:1998uu,
author = {Costa, Wilson J E M},
title = {{Phylogeny and classification of the Cyprinodontiformes (Euteleostei: Atherinomorpha): a reappraisal}},
booktitle = {Phylogeny and Classification of Neotropical Fishes},
year = {1998},
editor = {Malabarba, L R and Reis, R E and Vari, R P and Lucena, Z M S and Lucena, C A S},
publisher = {EDIPUCRS},
address = {Porto Alegre, Brasil},
month = oct
}

@article{Otero:2004uo,
author = {Otero, Olga},
title = {{Anatomy, systematics and phylogeny of both Recent and fossil latid fishes (Teleostei, Perciformes, Latidae)}},
journal = {Zoological Journal of the Linnean Society},
year = {2004},
volume = {141},
pages = {81--133},
month = apr
}

@article{Cione:1986vz,
author = {Cione, A L},
title = {{Los perces continentales del Cenozoico de Argentina}},
journal = {Actas del Congreso Argentino de Paleontologia y Biostratigrafia},
year = {1986},
volume = {4},
number = {2},
pages = {101--106},
month = oct,
annote = {cited in Patterson 1993}
}

@article{Berendzen:2002vr,
author = {Berendzen, Peter B and Dimmick, Walter Wheaton},
title = {{Phylogenetic relationships of Pleuronectiformes based on molecular evidence}},
journal = {Copeia},
year = {2002},
volume = {2002},
number = {3},
pages = {642--652},
month = apr
}

@article{Chapleau:1993wo,
author = {Chapleau, Fran{\c c}ois},
title = {{Pleuronectiform relationships: A cladistic reassessment}},
journal = {Bulletin of Marine Science},
year = {1993},
volume = {52},
number = {1},
pages = {516--540},
month = jan
}

@incollection{Arratia:2004ud,
author = {Arratia, Gloria and L{\'o}pez-Arbarello, Adriana and Prasad, Guntupalli V R and Parmar, Varun and Kriwet, J{\"u}rgen},
title = {{Late Cretaceous-Paleocene percomorphs (Teleostei) from India -- Early radiation of Perciformes}},
booktitle = {Recent Advances in the Origin and Early Radiation of Vertebrates},
year = {2004},
editor = {Arratia, Gloria and Wilson, M V H and Cloutier, R},
pages = {635--663},
publisher = {Verlag Dr. Friedrich Pfeil},
address = {M{\"u}nchen, Germany},
month = sep
}

@book{Casier:1966td,
author = {Casier, E},
title = {{Faune ichthyologique du London Clay}},
publisher = {British Museum (Natural History)},
year = {1966},
address = {London},
month = oct
}

@article{Lebedev:1952ud,
author = {Lebedev, V D},
title = {{Fishes from alate-paleolithic settlement at Murzak-Koba in Crimea}},
journal = {Bulletin of the Society of Natural History, Moscow},
year = {1952},
volume = {51},
pages = {46--51},
month = oct
}

@article{Berra:2003ul,
author = {Berra, Tim M},
title = {{Nurseryfish, Kurtus gulliveri (Perciformes: Kurtidae), from northern Australia: redescription, distribution, egg mass, and comparison with K. indicus from southeast Asia}},
journal = {Ichthyological Exploration of Freshwaters},
year = {2003},
volume = {14},
number = {4},
pages = {295--306},
month = nov
}

@article{Garcia:2000wq,
author = {Garcia, M J and Santos, M and Hasui, Y},
title = {{Palinologia da parte aflorante da Forma{\c c}{\~a}o Entre-C{\'o}rregos, Bacia de Aiuruoca, Terci{\'a}rio do Estado de Minas Gerais, Brasil}},
journal = {Revista Universidade de Guarulhos - Geoci{\^e}ncias},
year = {2000},
volume = {5},
pages = {259},
month = oct
}

@article{Mein:1983tk,
author = {Mein, P and Meon, H and Romaggi, J-P and Samuel, E},
title = {{La vie en Ardeche au Miocene superieur d'apres les document troues dans las carriere de la Montagne d'Andance}},
journal = {Nouvelles Archives du Mus{\'e}e d'Histoire Naturelle de Lyon},
year = {1983},
volume = {Suppl. 21},
pages = {37--44},
month = oct
}

@article{Bouckaert:2014ii,
author = {Bouckaert, Remco and Heled, Joseph and K{\"u}hnert, Denise and Vaughan, Tim and Wu, Chieh-Hsi and Xie, Dong and Suchard, Marc A and Rambaut, Andrew and Drummond, Alexei J},
title = {{BEAST 2: a software platform for Bayesian evolutionary analysis}},
journal = {PLOS Comput. Biol.},
year = {2014},
volume = {10},
number = {4},
pages = {e1003537},
month = apr
}

@book{Woodward:1901vr,
author = {Woodward, A Smith},
title = {{Catalogue of the Fossil Fishes in the British Museum (Natural History), Cromwell Road, S.W}},
publisher = {British Museum, Natural History},
year = {1901},
volume = {4},
address = {London},
month = oct
}

@article{Weiler:1928ux,
author = {Weiler, W},
title = {{Beitr{\"a}ge zur Kenntnis der terti{\"a}ren Fische des Mainzer Beckens II. 3. Teil. Die Fische des Septarientones.}},
journal = {Abh Hess Geol Landesanstalt},
year = {1928},
volume = {8},
pages = {63},
month = oct,
annote = {cited in Schultz 1993}
}

@article{Godkin:1985vs,
author = {Godkin, Celia M and Winterbottom, Richard},
title = {{Phylogeny of the family Congrogadidae (Pisces; Perciformes) and its placement as a subfamily of the Pseudochromidae}},
journal = {Bulletin of Marine Science},
year = {1985}
}

@book{Anonymous:1993tg,
editor = {Benton, Michael J},
title = {{The fossil record 2}},
publisher = {Chapman {\&} Hall},
year = {1993},
address = {London, UK},
month = dec
}

@article{Miya:2003tw,
author = {Miya, Masaki and Takeshima, Hirohiko and Endo, Hiromitsu and Ishiguro, Naoya and Inoue, Jun G and Mukai, Takahiko and Satoh, Takashi P and Yamaguchi, Motoomi and Kawaguchi, Akira and Mabuchi, Kohji and Shirai, Shigeru M and Nishida, Mutsumi},
title = {{Major patterns of higher teleostean phylogenies: a new perspective based on 100 complete mitochondrial DNA sequences}},
journal = {Mol. Phylogenet. Evol.},
year = {2003},
volume = {26},
number = {1},
pages = {121--138}
}

@article{Balushkin:1994th,
author = {Balushkin, A V},
title = {{Fossil notothenioid, and not gadiform, fish \emph{Proeleginops grandeastmanorum} gen. sp. nov. (Perciformes, Notothenioidei, Eleginopidae) from the late Eocene found in Seymour Island (Antarctica)}},
journal = {Voprosy Ikhtiologii},
year = {1994},
volume = {34},
pages = {298--307},
month = oct
}

@article{Morlon:2015jm,
author = {Morlon, H and Lewitus, E and Condamine, F L and Manceau, M and Clavel, J and Drury, J},
title = {{RPANDA: an R package for macroevolutionary analyses on phylogenetic trees}},
journal = {Method Ecol. Evol.},
year = {2015},
volume = {7},
pages = {589--597},
month = dec
}

@article{Rutschmann:2011ff,
author = {Rutschmann, Sereina and Matschiner, Michael and Damerau, Malte and Muschick, Moritz and Lehmann, Moritz and Hanel, Reinhold and Salzburger, Walter},
title = {{Parallel ecological diversification in Antarctic notothenioid fishes as evidence for adaptive radiation}},
journal = {Mol. Ecol.},
year = {2011},
volume = {20},
number = {22},
pages = {4707--4721},
month = sep
}

@incollection{Gradstein:2009ug,
author = {Gradstein, Felix M and Ogg, James G},
title = {{The geologic time scale}},
booktitle = {The Timetree of Life},
year = {2009},
pages = {26--34},
publisher = {Oxford University Press},
address = {Oxford, UK},
month = dec
}

@article{Gill:1993vn,
author = {Gill, Anthony C and Mooi, Randall D},
title = {{Monophyly of the Grammatidae and of the Notograptidae, with evidence for their phylogenetic positions among Perciforms}},
journal = {Bulletin of Marine Science},
year = {1993},
volume = {52},
number = {1},
pages = {327--350},
month = jan
}

@article{Mooi:1990ty,
author = {Mooi, Randall D},
title = {{Egg surface morphology of Pseudochromoids (Perciformes: Percoidei), with comments on its phylogenetic implications}},
journal = {Copeia},
year = {1990},
volume = {1990},
number = {2},
pages = {455--475},
month = jan
}

@article{Avnimelech:1951vs,
author = {Avnimelech, Moshe and Steinitz, H},
title = {{On fish-remains in the continental Neogene of the Jordan Valley (Israel)}},
journal = {Eclogae Geologicae Helvetiae},
year = {1951},
volume = {44},
number = {2},
pages = {444--447}
}

@book{Kocher:1997we,
author = {Kocher, Thomas D and Stepien, Carol A},
title = {{Molecular Systematics of Fishes}},
publisher = {Academic Press, Inc.},
year = {1997},
address = {New York}
}

@article{dosReis:2014ea,
author = {dos Reis, Mario and Donoghue, P and Yang, Ziheng},
title = {{Neither phylogenomic nor palaeontological data support a Palaeogene origin of placental mammals}},
journal = {Biol. Lett.},
year = {2014},
volume = {10},
number = {1},
pages = {20131003--20131003},
month = jan
}

@article{Springer:1976wl,
author = {Springer, Victor G and Fraser, Thomas H},
title = {{Synonymy of the fish families Cheilobranchidae (=Alabetidae) and Gobiesocidae, with descriptions of two new species of Alabes}},
journal = {Smithsonian contributions to Zoology},
year = {1976},
volume = {234},
pages = {1--32},
month = nov
}

@article{Williams:1990vy,
author = {Williams, Jeffrey T},
title = {{Phylogenetic relationships and revision of the blenniid fish genus \emph{Scartichthys}}},
journal = {Smithsonian contributions to Zoology},
year = {1990},
volume = {492},
pages = {1--40},
month = dec
}

@article{Dyer:1996ug,
author = {Dyer, B S and Chernoff, B},
title = {{Phylogenetic relationships among atheriniform fishes (Teleostei: Atherinimorpha)}},
journal = {Zoological Journal of the Linnean Society},
year = {1996},
volume = {117},
pages = {1--69},
month = oct
}

@article{Saeed:2006ue,
author = {Saeed, B and Ivantsoff, W and {Aarn}},
title = {{Descriptive anatomy of "\emph{Iso rhothophilus}" (Ogilby), with a phylogenetic analysis of "\emph{Iso}" and a redefinition of Isonidae (Atheriniformes)}},
journal = {Aqua, International Journal of Ichthyology},
year = {2006},
volume = {11},
number = {1},
pages = {25--43}
}

@article{Liow:2014fp,
author = {Liow, L H and Finarelli, J A},
title = {{A dynamic global equilibrium in carnivoran diversification over 20 million years}},
journal = {Proc. R. Soc. B},
year = {2014},
volume = {281},
number = {1778},
pages = {20132312},
month = jan
}

